2338 4140
375 283 601 367 Marnpbysitft.
711 355 713 362 ‚
784 295 838 357 gtssp

42 385 44 391 ’
79 371 172 449 tiam,
201 389 269 433 cum
289 367 356 444 ipsis
377 368 488 431 dede-tit
514 358 879 440 intelligendinaturalem

83 449 251 514 facultatem
273 447 308 510 ad
335 449 509 524 sapientiam
537 447 590 508 sihi
614 443 745 506 idoneam
767 461 881 518 compa·-

83 529 212 594 tandnm.
234 533 273 590 Et
292 529 408 602 quidem
427 528 598 603 sapientiam
619 522 714 588 multo
732 521 828 586 labore
845 521 881 584 ab
948 560 956 568 »

20 668 22 672 ,
85 611 243 672 hominibus
267 609 375 682 acquiri
395 607 507 683 ignorat
529 625 630 667 nemo.

122 713 185 765 332·
205 687 293 751 Simili
317 685 401 748 modo
420 685 595 762 explicamus
617 683 695 745 nobis
716 683 815 746 innata
837 701 882 742 sa·

85 769 198 845 pientiae
231 768 358 829 semina.
387 770 539 830 Caeterum
559 777 626 850 qum
648 764 732 826 nimis
753 761 883 826 liventia

86 848 294 912 Platonicorum
315 845 460 922 figmentis
480 845 631 918 scripserat
651 847 691 905 D.
701 847 826 920 August.
847 855 883 906 ua

87 927 254 1005 improbavit
273 925 322 987 lib'.
345 921 363 987 ι’
382 923 655 988 rectractationum.

125 1030 156 1082 33
163 1032 188 1082 3·
207 1011 280 1081 Opp.
300 1003 436 1068 tandem.
458 1007 485 1066 si
505 1024 605 1066 omnes
626 1000 699 1064 ideae
718 1022 735 1062 a
755 1002 884 1066 sensibus

85 1089 225 1164 originem
241 1085 394 1160 ducerent,
418 1081 587 1162 jam'anima
608 1078 729 1152 infantis
749 1083 778 1146 in
799 1100 885 1146 utero

83 1167 171 1230 clausi
191 1165 307 1228 minime
327 1165 488 1241 cogitaret.
518 1167 559 1224 At
580 1166 641 1224 hoe
664 1165 805 1238 repugnat
826 1163 886 1226 ani-

86 1268 140 1310 mae
160 1247 242 1323 cujus
260 1247 387 1308 essentia
415 1246 499 1324 juxta
520 1242 708 1304 Cartesianos
734 1239 886 1304 manuali

85 1328 259 1400 cogitatione
280 1325 417 1388 consistit
438 1341 449 1400 ,·
479 1339 532 1385 aut
561 1319 665 1410 saltem
694 1324 775 1408 juxta
795 1321 885 1398 alios,

87 1411 167 1484 cuius
189 1407 249 1467 vita
271 1406 299 1465 in
320 1405 437 1479 perenni
457 1402 637 1477 cogitatione
653 1399 808 1464 statuenda
820 1419 888 1478 est,

84 1507 151 1548 cum
172 1485 300 1546 uiuentis
318 1484 381 1546 vita
409 1483 447 1544 sit
475 1483 507 1543 in
528 1480 661 1544 anione.-
688 1479 761 1548 attio
789 1499 890 1546 autem
959 1538 962 1546 .

87 1566 191 1628 animae
214 1564 256 1626 sit·
271 1563 432 1640 cogitacio,
453 1582 522 1636 ergo
539 1557 602 1633 dcc.
838 1571 843 1580 '

129 1666 194 1719 334.
216 1647 257 1706 R.
278 1645 307 1704 in
329 1643 427 1718 primis
446 1643 683 1704 Cartcsianorum
713 1643 891 1706 sententiam

84 1740 267 1787 statuentem
281 1723 388 1786 animat
396 1723 554 1786 essentiam
563 1723 592 1783 in
603 1721 893 1802 aliualicogitarioae

81 1801 223 1866 falsitatis
250 1803 346 1866 evinci
366 1803 402 1864 ab
429 1803 561 1865 omnibus
581 1803 705 1866 meliotis
727 1820 807 1863 notae
829 1801 894 1861 eni-

85 1881 230 1956 losophis,
249 1901 284 1944 ac
306 1884 448 1958 precipue
468 1903 486 1945 a
510 1883 604 1944 Lokio
623 1879 690 1958 (ltu.
715 1905 732 1944 2
753 1878 789 1940 de
809 1877 896 1940 intel·

83 1957 157 2024 itliu
176 1958 303 2020 hunuano
322 1978 386 2036 cap.
413 1986 424 2021 1
449 1960 478 2031 ).
507 1961 598 2023 Simili
625 1957 711 2022 modo
739 1955 894 2036 rejicienda

87 2040 202 2102 uidetur
222 2036 334 2098 illorum
357 2039 471 2114 opinio,
491 2039 541 2114 qui
561 2039 668 2102 arrimae
681 2040 771 2102 vitam
795 2039 824 2100 in
842 2058 897 2100 cn·

85 2119 228 2198 gitatioae
255 2133 416 2192 reponunt.
444 2119 521 2180 Nam
551 2117 575 2179 si
597 2139 654 2179 non
681 2134 777 2182 cessat
798 2118 897 2180 vivete

88 2200 203 2276 anima,
222 2217 290 2260 cum
310 2213 405 2259 cessar
427 2195 517 2272 velle,
539 2195 573 2264 dc
593 2197 716 2276 eligere,
737 2217 789 2262 cur
801 2217 895 2264 cessa-

80 2279 129 2351 bit
159 2299 225 2340 cum
253 2297 270 2338 a
299 2274 453 2352 cogitando
480 2277 672 2352 requiescit?
704 2277 844 2355 Equidem
872 2277 897 2340 si

89 2357 183 2422 adina
199 2359 308 2420 animae
329 2356 461 2434 potentia
488 2377 545 2418 non
562 2358 665 2434 'exigit
686 2407 695 2435 ‚
724 2375 758 2421 ut
785 2375 897 2436 semper

87 2437 185 2516 velit,
205 2434 365 2512 declinat,
386 2456 480 2512 neque
501 2437 615 2518 exiget,
637 2454 672 2503 ut
693 2459 806 2517 temper
819 2439 898 2515 cogi·

87 2533 155 2593 tet,
177 2531 510 2592 semperqueoperetur.
530 2517 664 2598 Deinde,
685 2521 709 2582 si
720 2521 781 2583 vita
790 2521 897 2583 animat

87 2598 145 2664 sita
167 2608 213 2660 est
234 2596 263 2658 in
283 2595 491 2674 cogitatione,
522 2599 680 2661 variabitur
708 2599 814 2664 animae
836 2599 897 2660 vita

91 2697 145 2754 pro
165 2677 376 2752 cogitationum
385 2676 545 2754 varietate,
565 2676 642 2753 quod
661 2676 813 2743 ridiculum
822 2673 899 2742 aede·

88 2754 139 2834 pol
161 2774 223 2818 est.
242 2759 346 2832 Neque
365 2752 458 2820 officit
472 2753 610 2833 plantas,
630 2753 807 2822 &animalia
823 2773 901 2824 tam·

88 2834 140 2898 diu
156 2837 291 2912 nivere,
320 2835 455 2912 quamdiu
477 2834 560 2897 vitali
588 2833 698 2900 actione
728 2857 903 2918 operantur.

87 2919 178 2981 Nam·
199 2917 294 2980 anima
323 2933 370 2978 eat
397 2915 561 2980 substantia
590 2937 607 2979 a
637 2918 720 2983 rebus
757 2918 903 2996 corporeis

92 3011 163 3060 toto
182 2995 262 3083 caelu
275 2993 404 3074 diversa,
425 2993 502 3060 unde
523 2994 677 3061 nullatum
700 2999 766 3062 istis
786 2996 903 3061 institui
981 3053 999 3064 .

90 3091 193 3150 potest
222 3077 399 3151 comparatio
427 3077 516 3140 immo
543 3097 613 3140 vero
642 3099 678 3142 ex
706 3079 905 3154 oppositorum

89 3151 175 3230 lege,
195 3157 218 3216 si
241 3156 303 3218 uita
323 3175 419 3220 rerum
439 3169 639 3232 corporearum
659 3159 689 3221 in
710 3157 821 3222 aldione
840 3171 906 3233 ert,

89 3229 151 3328 alio
181 3254 295 3330 prorant
323 3234 410 3298 modo
444 3234 615 3314 explicanda
650 3237 708 3304 erit
744 3235 904 3318 spiritualis

94 3327 204 3376 animm
225 3330 304 3376 urta.

138 3413 206 3487 3¹35.
229 3397 271 3463 At
288 3392 391 3457 demus
402 3395 583 3460 Cartesianis
604 3395 730 3464 infantis
749 3399 906 3466 animulam

94 3491 244 3560 cogitare.
265 3477 372 3538 Nonne
380 3476 475 3538 anima
484 3479 595 3553 corpori
604 3477 798 3559 unitur‚eum
807 3498 907 3558 aptum

97 3551 192 3623 fuerit
223 3556 295 3621 nitae
322 3551 513 3622 funditoribus
540 3557 710 3624 obeundis?
751 3571 909 3640 potuerunt

366 3720 423 3872 Ἃ
517 3642 547 3706 0
588 3660 605 3720 3
804 3657 871 3720 ergo
