2370 4148
196 353 210 374 λ
302 301 400 364 aas,
585 270 757 364 ⁸‚Elementa
933 361 947 374 ..

357 379 978 464 ·woauuln..

279 565 281 571 .
335 550 357 590 s
386 523 432 584 De
450 519 544 598 Eme,
567 517 683 601 ejusque
702 515 958 600 proprietatibus„

263 705 288 744 ι.
396 675 522 756 llidquid
542 671 665 756 existit,
686 677 747 744 sive
761 670 799 742 sit
821 673 1082 754 substantiatum

416 755 537 836 modus,
555 753 684 822 alatinae'
700 759 808 836 linguae
823 756 1009 835 scriptoribus
1025 771 1083 821 tn'r

399 856 556 904 vocatura
578 838 727 916 participio
739 837 816 901 verbi
836 857 924 916 sum,
947 853 980 898 ut
1002 835 1082 900 vide:

244 937 288 992 ,te
317 935 363 982 est
391 918 465 996 apud
494 918 673 983 Priscianum
701 916 782 995 (lib.
812 944 858 1002 xa.
877 915 906 988 ).
936 913 1082 1000 Quidquid

256 1018 327 1062 vero
349 997 395 1061 vel
414 1017 479 1084 est,
500 998 545 1059 vel
565 1019 627 1060 esse
638 1015 745 1074 potest,
769 991 813 1062 vel
836 995 895 1062 fuir
916 993 1083 1074 aliquando,
1163 1053 1164 1056 ,

218 1105 234 1123 ψ
256 1097 306 1141 res
325 1077 400 1155 apud
421 1075 537 1142 eosdem
560 1077 640 1140 audit
660 1097 673 1156 3
702 1075 777 1138 unde
806 1097 852 1140 res
875 1077 903 1137 in
924 1075 1020 1152 lingua
1041 1074 1083 1137 la-

256 1156 319 1220 tina
341 1157 431 1236 magis
450 1155 510 1218 late
530 1158 634 1232 patet,
652 1176 737 1230 quoru
760 1175 832 1218 ens.
853 1159 896 1217 At
918 1157 946 1218 in
956 1153 1082 1220 Ontolo·

252 1237 371 1314 ‘giaenti
394 1235 531 1298 tribuitur
541 1233 680 1296 latissima
703 1232 890 1306 significatio:
912 1237 1081 1310 nempehoc

255 1314 396 1386 vocabulo
423 1310 596 1385 intelligitur
627 1309 765 1389 quidquid
796 1311 842 1375 vel
868 1314 1078 1388 prouentum,

256 1393 302 1454 vel
324 1412 464 1470 praesens‚
488 1389 535 1452 vel
553 1385 707 1470 futurum,
726 1389 774 1454 vel
794 1388 925 1469 pbssibile
946 1393 1005 1458 est:
1028 1389 1084 1452 vo-'

252 1470 355 1536 cabulo
379 1488 479 1533 autem
500 1469 543 1530 rei
564 1468 624 1533 sola
644 1472 807 1536 substantia
827 1469 1019 1552 significatur.

295 1575 323 1614 2.
339 1546 485 1615 Possibile
495 1545 564 1611 illud
586 1547 711 1629 dicitur,
732 1549 807 1627 quod
818 1573 873 1613 non
893 1553 996 1616 existit
1014 1555 1079 1630 qui-

251 1627 334 1708 dem,
356 1626 405 1692 sed
432 1645 531 1691 tamen
553 1627 662 1692 nullam
692 1632 779 1694 habet
800 1633 1018 1708 repugnantiam
1040 1633 1080 1698 ad

144 1739 146 1746 ·
250 1708 451 1785 existendum,
473 1707 543 1772 licet
554 1710 699 1774 incertum
712 1712 776 1786 sit,
797 1731 834 1774 an
845 1709 996 1786 aliquando
1016 1715 1079 1776 exi-

250 1807 330 1856 stere
348 1787 478 1854 debeat.
506 1785 552 1852 Sic
573 1788 705 1865 possibile
719 1789 842 1854 dicimus
863 1787 1003 1853 mundum
1024 1792 1079 1856 de·

249 1892 315 1950 pem
334 1867 414 1934 mille
433 1866 515 1932 annis
531 1866 724 1952 duraturum.
755 1873 858 1946 ltaque
881 1868 1012 1947 possibile
1032 1871 1076 1937 rei

250 1968 388 2015 naturam
408 1945 518 2026 spediat
528 1995 539 2026 ,
558 1969 624 2024 quae
646 1945 754 2014 nullam
775 1948 897 2014 includit
915 1969 1075 2026 repugnan-

156 2071 190 2090 s
250 2031 324 2095 tiam
344 2019 453 2094 adsibi
474 2027 637 2108 possibilia3
659 2047 747 2106 atque
768 2031 797 2093 in
818 2034 873 2094 hoc
892 2025 989 2093 differt
1010 2053 1074 2112 pos¹

249 2111 332 2176 sibile
351 2132 369 2174 a
389 2105 545 2188 probabili:
564 2129 632 2172 cum
651 2113 707 2174 hoc
724 2109 849 2176 alterum
869 2109 1075 2176 tantummodo

249 2211 263 2254 s
283 2188 359 2256 edet
380 2191 439 2254 vim
461 2191 627 2268 rationum,
647 2191 749 2264 quibus
769 2189 807 2253 ad
827 2185 905 2253 aliud
928 2185 1074 2254 affirman-

271 2291 336 2350 um,
359 2268 405 2333 vel
430 2267 593 2344 negandum
614 2267 783 2332 adducimur
801 2269 1075 2350 (Logicaen.120.).

290 2372 317 2423 3.
337 2347 526 2424 Impossibile
546 2345 616 2406 illud
636 2343 693 2424 est,
715 2346 791 2422 quod
809 2349 897 2410 habet
911 2365 1071 2420 repugnan-

98 2453 101 2460 ·
199 2475 203 2494 .
248 2428 322 2492 tiam
342 2425 378 2488 ad
398 2443 481 2501 esse,
501 2423 594 2486 ueluti
615 2423 862 2499 triangulumesse
882 2421 1021 2500 quadratu

218 2569 234 2580 ,
247 2507 276 2572 si
296 2503 366 2582 quid
383 2517 484 2566 autem
504 2501 613 2581 nullam
621 2502 737 2578 quidem
757 2502 959 2581 habetrepugn
1015 2525 1074 2568 tam

247 2583 284 2650 ad
305 2605 388 2662 esse,
408 2579 526 2646 difficile
546 2599 646 2644 tamen
663 2584 703 2647 sit
723 2579 873 2662 futurum,
895 2599 1071 2648 vocaturet-

245 2667 306 2731 iam
325 2661 478 2728 moraliter
498 2659 700 2739 impossihile:
720 2665 760 2728 sic
780 2662 954 2740 impossibile
973 2684 1068 2728 morae

247 2745 317 2810 liter
337 2760 383 2806 est
403 2742 549 2806 hominem
571 2742 651 2808 vitiis
672 2743 803 2808 omnibus
821 2741 953 2809 deditum
973 2741 1073 2808 sandie

246 2823 449 2890 moriturum.
478 2827 555 2906 Quae
577 2823 734 2890 intrinsece
758 2839 827 2888 sunt
854 2821 1067 2902 impossibilia,

244 2919 388 2970 vocantur
396 2901 474 2966 entia
489 2899 577 2982 filla,
598 2901 732 2967 selentia
748 2902 892 2983 rationis,
912 2904 979 2981 quia
989 2922 1068 2965 nem·

245 3005 281 3065 pe
301 2983 364 3046 solo
381 2980 531 3048 intelledlu
552 2985 663 3067 concipi
693 2983 728 3047 ad
747 3003 892 3048 summunt
914 2983 1037 3058 possunt
1059 3029 1070 3060 ,

245 3086 315 3131 cum
334 3084 371 3128 eo
391 3084 449 3126 non
470 3065 621 3142 cogitante
641 3063 711 3126 nihil
728 3083 764 3128 ex
783 3083 813 3126 se
833 3063 979 3127 obtineat:
1000 3079 1068 3139 pos-

241 3141 345 3208 sibilia
368 3161 438 3206 vtro
456 3141 594 3208 dicuntur
615 3145 702 3206 entia·
714 3139 825 3206 realia.

286 3249 314 3295 4.
330 3225 484 3287 Futurum
503 3222 574 3286 illud
594 3222 718 3301 dicitur,
739 3219 816 3300 quod
838 3223 942 3287 nedum
979 3223 1067 3301 possi·

244 3300 301 3366 bile
320 3319 388 3379 est,
413 3303 463 3366 sed
484 3301 605 3366 ulterius
625 3299 778 3380 aliquando
801 3304 916 3368 habebit
937 3323 1018 3368 esse.
1048 3339 1051 3348 ν
1117 3293 1125 3324 ¹

288 3401 314 3456 ς.
336 3377 543 3446 interfutura
564 3381 620 3447 alia
641 3382 778 3448 dicuntur
799 3386 986 3463 necessaria,
1013 3380 1068 3445 alia
1126 3387 1129 3396 '

245 3456 362 3524 libera.
379 3463 522 3526 Futurum
542 3465 755 3542 necessarium,
792 3465 854 3530 sive
873 3466 964 3529 etiam
985 3478 1070 3526 natu·

246 3539 309 3609 ναῖε
330 3539 400 3608 illud
421 3559 486 3624 est,
505 3541 581 3622 quod
601 3544 636 3610 ab
655 3549 782 3612 humana
804 3543 890 3633 libera
912 3545 1071 3610 voluntate
1105 3604 1107 3619 ,

971 3643 1031 3688 nou
1057 3651 1064 3666 ,
