2338 4140
362 480 366 487 '
394 466 623 551 mtanbystcn.
825 480 883 550 aad

23 603 44 639 ,7
66 569 79 584 ³
113 547 313 620 miniscinrur.
333 553 483 618 &candor
502 555 531 615 in
553 556 607 618 hac
627 549 778 618 sententia
802 575 860 617 noo
879 559 933 618 em

22 629 26 750 Ι
117 633 243 715 plicatur
262 635 458 711 appercepn'o:
480 633 933 710 sive-conscientiaveterisper-
1009 647 1011 654 ⁴

118 713 355 792 captionis,-qui
375 731 421 778 est
443 715 574 788 proprius
595 717 745 778 memoriae
763 713 931 779 character.

113 795 239 860 'l'ertior
255 813 392 870 quanam
411 793 468 859 erit
490 812 592 863 caussa
602 797 753 860 memoriae
772 793 803 858 ln
832 795 934 877 anima
994 861 997 871 ,

21 935 22 940 ,
114 893 271 950 acorpore
292 870 443 950 separata?
560 893 564 902 ’
916 881 921 886 “

150 951 312 1027 ato-Rad
324 965 348 1016 ι’.
370 957 450 1018 Cum
470 971 523 1028 pto
542 953 658 1030 physica
678 955 829 1020 memoriae
847 975 935 1021 caus·

34 1055 52 1098 r
111 1049 143 1100 sa
163 1034 275 1099 cerebri
287 1034 524 1100 -mccbanismutn
543 1030 740 1112 adducimus,
760 1057 818 1098 non
848 1055 930 1100 tene·

32 1114 44 1191 b
111 1131 179 1179 mur
198 1114 383 1179 mutationes
403 1130 504 1179 omnes
519 1113 645 1191 terebri,
667 1114 854 1192 modumque,
872 1135 934 1192 quo

114 1193 206 1272 fiant,
227 1191 398 1270 explicaret
417 1209 484 1256 tum
505 1194 571 1269 q'uia
593 1189 714 1270 perlcdla
723 1195 831 1262 cerebri
853 1211 931 1258 strn-

114 1271 193 1338 dora
213 1291 265 1339 tros
292 1275 366 1339 latet
378 1292 391 1350 ς
410 1290 476 1337 tum
496 1275 563 1350 quia
584 1275 712 1338 incertus
737 1277 813 1340 inter
834 1276 931 1353 physin

114 1375 167 1418 cos
183 1370 232 1422 est
251 1351 372 1430 modus,
390 1375 448 1430 quo
470 1371 800 1422 sensuumertarnorurn
812 1356 933 1432 impres·

26 1438 30 1449 '
117 1437 215 1498 siones
233 1428 271 1497 ad
293 1436 443 1502 cerebrum
464 1431 664 1510 deierantur,
685 1434 936 1500 contendentibus

113 1514 185 1579 aliis
207 1511 248 1576 id'
265 1512 332 1578 fieri
351 1535 402 1592 per
424 1534 596 1595 nerrearum
624 1513 789 1582 fibriilarutn
820 1514 935 1580 oscilla-

21 1618 27 1655 ε
116 1595 215 1657 tiones
239 1611 248 1652 a
264 1592 332 1659 aliis
351 1615 388 1656 ex
409 1592 532 1660 adverso
550 1615 602 1670 per
620 1596 842 1664 subtilissimum
863 1595 933 1660 flui-

21 1672 26 1749 ζ
112 1673 184 1738 dnm
205 1721 215 1750 ,
243 1672 321 1754 quod
336 1669 473 1759 [laridum
495 1693 636 1736 aerarum
655 1676 773 1754 quidam
792 1695 933 1752 vocant„

18 1824 22 1847 Ι

16 1862 22 1940 l

14 1953 19 2027 i

20 1784 23 1793 ·
112 1753 232 1835 ¹quidam
254 1775 323 1817 vero
345 1755 474 1832 sprritus
499 1754 676 1818 animales:
702 1757 766 1824 aliis
794 1779 861 1820 vero
883 1776 936 1852 pqr

114 1834 334 1901 oscillationem
357 1833 442 1898 simul
466 1832 619 1914 fibrarum,
640 1859 675 1904 ac
696 1838 851 1914 spirituum
873 1858 935 1899 anr-

117 1914 244 1980 malium
262 1933 400 1978 motum.
421 1917 526 1990 Itaque
544 1915 614 1980 illud
635 1918 715 1980 nobis
734 1913 851 1980 sufficit:
872 1935 931 1981 uun

118 1994 262 2060 modicam
283 1993 449 2059 fibrillarum
472 1996 581 2061 cerebri
600 2017 664 2059 esse
686 1998 883 2070 varietatem,
902 1995 934 2058 in

118 2074 223 2150 quibus
242 2095 295 2150 pro
315 2072 489 2140 diversitate
507 2093 561 2136 aut
582 2075 800 2152 magnitudinis,
822 2091 874 2135 aut
895 2069 928 2138 b·

115 2173 207 2230 gurae,
227 2171 280 2220 aut
302 2151 469 2229 rigiditatis,
492 2171 544 2218 aut
566 2155 730 2235 tenuitatis,
754 2153 933 2220 diversiora

116 2250 177 2310 tus,
191 2233 306 2327 ‚quibus
325 2231 451 2297 diversae
470 2231 631 2311 alligantur
647 2235 735 2316 ideae,
752 2252 935 2314 possuntert-

13 2363 14 2384 n
114 2313 217 2380 eltan.

13 2419 17 2457 ι
86 2420 97 2437 ¹
155 2415 224 2470 ⁴50·
245 2393 293 2458 Ad
312 2391 454 2455 alterurn.
474 2393 614 2456 Fatemur
632 2413 685 2471 per
702 2393 829 2470 vestigia
850 2409 934 2458 cere·

13 2539 15 2542 .
116 2473 159 2539 bri
180 2496 236 2539 non
258 2493 342 2550 posse
361 2473 402 2534 ita
424 2467 510 2538 facile
530 2472 667 2551 explicari
698 2475 835 2542 intimam
857 2493 932 2552 prae-

118 2555 272 2619 teritarunr
292 2552 421 2616 idearum
441 2554 651 2620 conscientiam
672 2605 683 2634 ,
715 2556 768 2618 nisi
789 2551 870 2618 forte
888 2552 933 2620 di·

113 2632 215 2702 camus
236 2651 309 2698 tunc
327 2651 457 2696 mentem
479 2634 660 2713 reprodutlas
689 2635 767 2700 ideas
790 2654 933 2710 recogno·

116 2733 214 2792 scere,
235 2735 302 2778 cunr
324 2713 452 2776 advertit
474 2735 531 2776 non
551 2735 617 2779 esse
636 2715 787 2790 recentia,
809 2711 857 2775 sed
880 2731 932 2774 ve-

13 2817 27 2830 ··
120 2811 183 2860 tera
203 2795 312 2862 cerebri
333 2794 466 2868 vestigia.
487 2793 543 2874 Sed
564 2797 657 2856 verius
681 2792 847 2856 notabimus
863 2808 937 2854 tunc

14 2869 15 2874 ἵ
117 2877 369 2953 appereeptionern
394 2872 510 2950 baberi,
531 2893 600 2936 eum
623 2871 686 2938 idea
708 2922 717 2951 ,
739 2873 823 2949 cuius
845 2871 932 2934 remi-

18 3009 24 3016 .
116 2957 269 3035 niscimur,
288 2949 368 3018 nobis
388 2951 541 3018 exhibetur
560 2971 705 3018 contenta
726 2950 937 3030 ineliquaner·

117 3038 288 3115 ceptionnnn
311 3035 386 3103 serie
405 3033 517 3099 diuersa
538 3035 575 3097 ab
593 3055 657 3110 ea,
684 3036 731 3098 cui
754 3030 812 3096 fuit
835 3031 936 3106 alliga·

121 3133 171 3193 ta,
195 3137 263 3180 cum
284 3119 377 3194 ptimo
395 3113 454 3179 fuit
474 3137 490 3178 a
512 3132 611 3178 mente
631 3111 777 3192 produdla.
799 3113 846 3174 Sic
866 3131 933 3186 ug.

77 3260 80 3268 ,
121 3196 332 3260 Malebrancbii
354 3215 426 3272 opus
447 3197 538 3273 primo
559 3196 629 3258 mibi
661 3195 791 3256 innotuit
823 3192 853 3254 in
881 3189 936 3254 tali

119 3275 306 3354 bibliotheca,
327 3277 357 3338 in
378 3275 430 3338 tali
455 3276 536 3353 urbe,
557 3273 609 3340 tali
629 3296 717 3337 anno:
740 3275 762 3338 si
773 3293 841 3350 ergo
854 3291 933 3338 nunc

120 3357 190 3420 mibi
212 3360 266 3420 boc
289 3376 362 3432 opus
380 3355 570 3436 exhibeatur,
590 3377 624 3418 ac
644 3371 798 3432 quaeratur
819 3374 835 3414 a
858 3371 938 3434 me,

121 3451 221 3500 utrum
242 3434 314 3499 illud
337 3455 538 3512 recognoscam
572 3434 731 3513 respondeo
752 3449 937 3510 recognosce-

121 3538 163 3598 re,
182 3539 219 3582 eo
239 3516 317 3598 quod
339 3513 417 3602 illud
432 3516 524 3592 ptimo
541 3486 599 3593 legi
611 3514 663 3580 tali
673 3513 758 3594 loco,
781 3515 833 3580 tali
858 3531 931 3576 tem«

122 3620 191 3675 pore
208 3596 279 3662 dte.
302 3597 548 3676 Recognostimus
570 3617 638 3673 ergo
658 3595 736 3660 ideas
752 3591 939 3673 ‘nnnodnttac

121 3699 158 3744 err
179 3677 299 3744 diversis
320 3678 542 3755 perceptionum
564 3678 690 3740 seriebus
711 3725 721 3754 ,
742 3679 845 3752 quibus
864 3692 938 3740 coa·

123 3759 275 3824 sociantur
293 3777 307 3848 ᾗ
325 3779 392 3824 curu
414 3777 518 3840 uenrpe
539 3758 660 3837 primam
682 3753 811 3820 idearum
833 3759 938 3895 selriem

838 3854 897 3902 U*
