<?xml version="1.0" encoding="UTF-8"?>
<!DOCTYPE html PUBLIC "-//W3C//DTD XHTML 1.0 Transitional//EN"
    "http://www.w3.org/TR/xhtml1/DTD/xhtml1-transitional.dtd">
<html xmlns="http://www.w3.org/1999/xhtml" xml:lang="en" lang="en">
 <head>
  <title>
</title>
<meta http-equiv="Content-Type" content="text/html;charset=utf-8" />
  <meta name='ocr-system' content='tesseract 3.04.00' />
  <meta name='ocr-capabilities' content='ocr_page ocr_carea ocr_par ocr_line ocrx_word'/>
</head>
<body>
  <div class='ocr_page' id='page_1' title='image "./elementsphiloso03altigoog_0259.png"; bbox 0 0 2370 4148; ppageno 0'>
   <div class='ocr_carea' id='block_1_1' title="bbox 52 157 934 326">
    <p class='ocr_par' dir='ltr' id='par_1_1' title="bbox 52 157 934 326">
     <span class='ocr_line' id='line_1_1' title="bbox 383 157 885 248; baseline -0.018 -8"><span class='ocrx_word' id='word_1_1' title='bbox 383 157 591 248; x_wconf 64' lang='lat' dir='ltr'>netapbysbae</span> <span class='ocrx_word' id='word_1_2' title='bbox 831 180 885 232; x_wconf 82' lang='lat'>261</span> 
     </span>
     <span class='ocr_line' id='line_1_2' title="bbox 52 241 934 326; baseline -0.01 -11"><span class='ocrx_word' id='word_1_3' title='bbox 52 297 55 306; x_wconf 78' lang='lat'><em>-</em></span> <span class='ocrx_word' id='word_1_4' title='bbox 123 245 230 326; x_wconf 72' lang='lat' dir='ltr'>gitare.</span> <span class='ocrx_word' id='word_1_5' title='bbox 247 246 276 311; x_wconf 85' lang='lat' dir='ltr'>si</span> <span class='ocrx_word' id='word_1_6' title='bbox 299 244 414 324; x_wconf 86' lang='lat' dir='ltr'>quidem</span> <span class='ocrx_word' id='word_1_7' title='bbox 424 251 584 317; x_wconf 78' lang='lat' dir='ltr'>substantia</span> <span class='ocrx_word' id='word_1_8' title='bbox 596 247 691 326; x_wconf 86' lang='lat' dir='ltr'>iners,</span> <span class='ocrx_word' id='word_1_9' title='bbox 708 263 746 315; x_wconf 80' lang='lat' dir='ltr'>,ut</span> <span class='ocrx_word' id='word_1_10' title='bbox 767 241 934 324; x_wconf 59' lang='lat' dir='ltr'>ostendunt,</span> 
     </span>
    </p>
   </div>
   <div class='ocr_carea' id='block_1_2' title="bbox 121 327 932 581">
    <p class='ocr_par' dir='ltr' id='par_1_2' title="bbox 121 327 932 581">
     <span class='ocr_line' id='line_1_3' title="bbox 121 327 930 412; baseline -0.001 -22"><span class='ocrx_word' id='word_1_11' title='bbox 121 328 253 405; x_wconf 83' lang='lat' dir='ltr'>Physici,</span> <span class='ocrx_word' id='word_1_12' title='bbox 286 328 317 391; x_wconf 91' lang='lat' dir='ltr'>in</span> <span class='ocrx_word' id='word_1_13' title='bbox 338 327 439 392; x_wconf 89' lang='lat' dir='ltr'>codem</span> <span class='ocrx_word' id='word_1_14' title='bbox 453 350 579 408; x_wconf 75' lang='lat' dir='ltr'>semper</span> <span class='ocrx_word' id='word_1_15' title='bbox 608 345 709 412; x_wconf 85' lang='lat' dir='ltr'>manet</span> <span class='ocrx_word' id='word_1_16' title='bbox 730 329 863 406; x_wconf 82' lang='lat' dir='ltr'>quietis,</span> <span class='ocrx_word' id='word_1_17' title='bbox 895 335 930 380; x_wconf 74' lang='lat'>³0</span> 
     </span>
     <span class='ocr_line' id='line_1_4' title="bbox 124 408 930 486; baseline -0.002 -16"><span class='ocrx_word' id='word_1_18' title='bbox 124 426 220 470; x_wconf 90' lang='lat' dir='ltr'>motus</span> <span class='ocrx_word' id='word_1_19' title='bbox 242 422 344 484; x_wconf 88' lang='lat' dir='ltr'>statu,</span> <span class='ocrx_word' id='word_1_20' title='bbox 372 429 520 486; x_wconf 77' lang='lat' dir='ltr'>quousque</span> <span class='ocrx_word' id='word_1_21' title='bbox 540 431 557 472; x_wconf 96' lang='lat' dir='ltr'>a</span> <span class='ocrx_word' id='word_1_22' title='bbox 579 409 686 471; x_wconf 89' lang='lat' dir='ltr'>vitibus</span> <span class='ocrx_word' id='word_1_23' title='bbox 707 408 849 486; x_wconf 83' lang='lat' dir='ltr'>impressis</span> <span class='ocrx_word' id='word_1_24' title='bbox 870 416 930 470; x_wconf 69' lang='lat' dir='ltr'>sta·</span> 
     </span>
     <span class='ocr_line' id='line_1_5' title="bbox 123 487 932 581; baseline -0.004 -30"><span class='ocrx_word' id='word_1_25' title='bbox 123 504 184 551; x_wconf 89' lang='lat' dir='ltr'>turn</span> <span class='ocrx_word' id='word_1_26' title='bbox 207 503 322 550; x_wconf 86' lang='lat' dir='ltr'>mutare</span> <span class='ocrx_word' id='word_1_27' title='bbox 345 507 483 581; x_wconf 63' lang='lat' dir='ltr'>cogatur,</span> <span class='ocrx_word' id='word_1_28' title='bbox 504 509 562 566; x_wconf 92' lang='lat' dir='ltr'>quo</span> <span class='ocrx_word' id='word_1_29' title='bbox 582 489 613 556; x_wconf 87' lang='lat' dir='ltr'>in</span> <span class='ocrx_word' id='word_1_30' title='bbox 632 509 700 552; x_wconf 88' lang='lat' dir='ltr'>casu</span> <span class='ocrx_word' id='word_1_31' title='bbox 722 487 848 550; x_wconf 89' lang='lat' dir='ltr'>mutatio</span> <span class='ocrx_word' id='word_1_32' title='bbox 868 501 932 548; x_wconf 81' lang='lat' dir='ltr'>mo·</span> 
     </span>
    </p>
   </div>
   <div class='ocr_carea' id='block_1_3' title="bbox 117 565 983 816">
    <p class='ocr_par' dir='ltr' id='par_1_3' title="bbox 117 565 983 816">
     <span class='ocr_line' id='line_1_6' title="bbox 121 565 930 644; baseline -0.002 -14"><span class='ocrx_word' id='word_1_33' title='bbox 121 583 169 630; x_wconf 85' lang='lat' dir='ltr'>tus</span> <span class='ocrx_word' id='word_1_34' title='bbox 189 584 236 630; x_wconf 87' lang='lat' dir='ltr'>est</span> <span class='ocrx_word' id='word_1_35' title='bbox 259 568 407 640; x_wconf 82' lang='lat' dir='ltr'>proportio</span> <span class='ocrx_word' id='word_1_36' title='bbox 447 567 479 629; x_wconf 90' lang='lat' dir='ltr'>iis</span> <span class='ocrx_word' id='word_1_37' title='bbox 501 571 529 630; x_wconf 91' lang='lat' dir='ltr'>vi</span> <span class='ocrx_word' id='word_1_38' title='bbox 550 568 684 644; x_wconf 82' lang='lat' dir='ltr'>mottici,</span> <span class='ocrx_word' id='word_1_39' title='bbox 714 565 807 644; x_wconf 87' lang='lat' dir='ltr'>fitque</span> <span class='ocrx_word' id='word_1_40' title='bbox 826 586 930 628; x_wconf 80' lang='lat' dir='ltr'>necun-</span> 
     </span>
     <span class='ocr_line' id='line_1_7' title="bbox 117 642 930 723; baseline -0.002 -15"><span class='ocrx_word' id='word_1_41' title='bbox 117 645 186 712; x_wconf 91' lang='lat' dir='ltr'>dum</span> <span class='ocrx_word' id='word_1_42' title='bbox 208 645 312 706; x_wconf 83' lang='lat' dir='ltr'>lineam</span> <span class='ocrx_word' id='word_1_43' title='bbox 322 642 446 721; x_wconf 77' lang='lat' dir='ltr'>tedium,</span> <span class='ocrx_word' id='word_1_44' title='bbox 505 647 585 708; x_wconf 75' lang='lat' dir='ltr'>auis</span> <span class='ocrx_word' id='word_1_45' title='bbox 604 645 654 708; x_wconf 88' lang='lat' dir='ltr'>ilia</span> <span class='ocrx_word' id='word_1_46' title='bbox 675 647 860 723; x_wconf 77' lang='lat' dir='ltr'>imprimitur:</span> <span class='ocrx_word' id='word_1_47' title='bbox 884 647 930 706; x_wconf 86' lang='lat' dir='ltr'>At</span> 
     </span>
     <span class='ocr_line' id='line_1_8' title="bbox 118 721 983 816; baseline -0.005 -28"><span class='ocrx_word' id='word_1_48' title='bbox 118 723 221 788; x_wconf 86' lang='lat' dir='ltr'>modus</span> <span class='ocrx_word' id='word_1_49' title='bbox 243 723 387 798; x_wconf 86' lang='lat' dir='ltr'>cogitandi</span> <span class='ocrx_word' id='word_1_50' title='bbox 406 728 461 784; x_wconf 33' lang='lat' dir='ltr'>,bas</span> <span class='ocrx_word' id='word_1_51' title='bbox 472 724 597 800; x_wconf 80' lang='lat' dir='ltr'>physicae</span> <span class='ocrx_word' id='word_1_52' title='bbox 618 721 693 800; x_wconf 82' lang='lat' dir='ltr'>leges</span> <span class='ocrx_word' id='word_1_53' title='bbox 713 745 828 816; x_wconf 81' lang='lat' dir='ltr'>prorsus</span> <span class='ocrx_word' id='word_1_54' title='bbox 849 742 932 786; x_wconf 86' lang='lat' dir='ltr'>ever·</span> <span class='ocrx_word' id='word_1_55' title='bbox 981 791 983 797; x_wconf 14' lang='grc' dir='ltr'><strong>Α</strong></span> 
     </span>
    </p>
   </div>
   <div class='ocr_carea' id='block_1_4' title="bbox 119 799 1024 880">
    <p class='ocr_par' dir='ltr' id='par_1_4' title="bbox 119 799 1024 880">
     <span class='ocr_line' id='line_1_9' title="bbox 119 799 1024 880; baseline 0.002 -14"><span class='ocrx_word' id='word_1_56' title='bbox 119 803 171 866; x_wconf 89' lang='lat' dir='ltr'>tit.</span> <span class='ocrx_word' id='word_1_57' title='bbox 197 803 273 862; x_wconf 86' lang='lat' dir='ltr'>Nam</span> <span class='ocrx_word' id='word_1_58' title='bbox 295 802 324 862; x_wconf 92' lang='lat' dir='ltr'>in</span> <span class='ocrx_word' id='word_1_59' title='bbox 344 803 443 872; x_wconf 86' lang='lat' dir='ltr'>primis</span> <span class='ocrx_word' id='word_1_60' title='bbox 457 821 527 876; x_wconf 87' lang='lat' dir='ltr'>pene</span> <span class='ocrx_word' id='word_1_61' title='bbox 548 799 660 866; x_wconf 87' lang='lat' dir='ltr'>infinita</span> <span class='ocrx_word' id='word_1_62' title='bbox 681 803 788 880; x_wconf 72' lang='lat' dir='ltr'>bipedia</span> <span class='ocrx_word' id='word_1_63' title='bbox 809 803 929 880; x_wconf 84' lang='lat' dir='ltr'>percipit</span> <span class='ocrx_word' id='word_1_64' title='bbox 1014 858 1024 868; x_wconf 76' lang='grc'>,</span> 
     </span>
    </p>
   </div>
   <div class='ocr_carea' id='block_1_5' title="bbox 45 879 963 2792">
    <p class='ocr_par' dir='ltr' id='par_1_5' title="bbox 45 879 963 2216">
     <span class='ocr_line' id='line_1_10' title="bbox 117 879 930 958; baseline 0.006 -19"><span class='ocrx_word' id='word_1_65' title='bbox 117 899 215 956; x_wconf 82' lang='lat' dir='ltr'>mens,</span> <span class='ocrx_word' id='word_1_66' title='bbox 236 879 306 958; x_wconf 90' lang='lat' dir='ltr'>quin</span> <span class='ocrx_word' id='word_1_67' title='bbox 331 880 387 944; x_wconf 90' lang='lat' dir='ltr'>ulia</span> <span class='ocrx_word' id='word_1_68' title='bbox 412 880 502 958; x_wconf 82' lang='lat' dir='ltr'>possit</span> <span class='ocrx_word' id='word_1_69' title='bbox 530 879 665 954; x_wconf 83' lang='lat' dir='ltr'>assignari</span> <span class='ocrx_word' id='word_1_70' title='bbox 687 899 807 942; x_wconf 86' lang='lat' dir='ltr'>externa</span> <span class='ocrx_word' id='word_1_71' title='bbox 829 901 930 944; x_wconf 78' lang='lat' dir='ltr'>caussa</span> 
     </span>
     <span class='ocr_line' id='line_1_11' title="bbox 117 958 930 1038; baseline -0.005 -14"><span class='ocrx_word' id='word_1_72' title='bbox 117 961 207 1038; x_wconf 79' lang='lat' dir='ltr'>ipsam</span> <span class='ocrx_word' id='word_1_73' title='bbox 228 958 264 1026; x_wconf 88' lang='lat' dir='ltr'>ad</span> <span class='ocrx_word' id='word_1_74' title='bbox 286 963 335 1022; x_wconf 87' lang='lat' dir='ltr'>has</span> <span class='ocrx_word' id='word_1_75' title='bbox 363 959 443 1026; x_wconf 65' lang='lat' dir='ltr'>,ideas</span> <span class='ocrx_word' id='word_1_76' title='bbox 459 959 688 1022; x_wconf 78' lang='lat' dir='ltr'>determinans:</span> <span class='ocrx_word' id='word_1_77' title='bbox 713 961 756 1025; x_wconf 85' lang='lat' dir='ltr'>sic</span> <span class='ocrx_word' id='word_1_78' title='bbox 775 978 835 1018; x_wconf 80' lang='lat' dir='ltr'>tum</span> <span class='ocrx_word' id='word_1_79' title='bbox 856 975 930 1020; x_wconf 88' lang='lat' dir='ltr'>tem-</span> 
     </span>
     <span class='ocr_line' id='line_1_12' title="bbox 45 1035 929 1120; baseline -0.002 -18"><span class='ocrx_word' id='word_1_80' title='bbox 45 1099 47 1102; x_wconf 84' lang='lat'>.</span> <span class='ocrx_word' id='word_1_81' title='bbox 116 1041 363 1118; x_wconf 83' lang='lat' dir='ltr'>potismomento</span> <span class='ocrx_word' id='word_1_82' title='bbox 383 1039 492 1104; x_wconf 86' lang='lat' dir='ltr'>coelum</span> <span class='ocrx_word' id='word_1_83' title='bbox 514 1054 675 1120; x_wconf 74' lang='lat' dir='ltr'>pererrat,</span> <span class='ocrx_word' id='word_1_84' title='bbox 704 1035 741 1100; x_wconf 86' lang='lat' dir='ltr'>de</span> <span class='ocrx_word' id='word_1_85' title='bbox 763 1035 838 1100; x_wconf 88' lang='lat' dir='ltr'>Dco.</span> <span class='ocrx_word' id='word_1_86' title='bbox 853 1037 929 1114; x_wconf 80' lang='lat' dir='ltr'>cogi·</span> 
     </span>
     <span class='ocr_line' id='line_1_13' title="bbox 118 1115 963 1202; baseline -0.002 -18"><span class='ocrx_word' id='word_1_87' title='bbox 118 1137 166 1187; x_wconf 85' lang='lat' dir='ltr'>tat</span> <span class='ocrx_word' id='word_1_88' title='bbox 184 1115 220 1198; x_wconf 26' lang='lat'>¹&amp;</span> <span class='ocrx_word' id='word_1_89' title='bbox 244 1119 411 1196; x_wconf 88' lang='lat' dir='ltr'>spiritibus,</span> <span class='ocrx_word' id='word_1_90' title='bbox 432 1117 468 1182; x_wconf 91' lang='lat' dir='ltr'>de</span> <span class='ocrx_word' id='word_1_91' title='bbox 488 1119 639 1202; x_wconf 81' lang='lat' dir='ltr'>bonitate,</span> <span class='ocrx_word' id='word_1_92' title='bbox 658 1116 929 1202; x_wconf 78' lang='lat' dir='ltr'>justitia,miseri·</span> <span class='ocrx_word' id='word_1_93' title='bbox 962 1175 963 1182; x_wconf 72' lang='grc'>,</span> 
     </span>
     <span class='ocr_line' id='line_1_14' title="bbox 111 1195 928 1278; baseline -0.012 -11"><span class='ocrx_word' id='word_1_94' title='bbox 111 1195 231 1276; x_wconf 74' lang='lat' dir='ltr'>cordia,</span> <span class='ocrx_word' id='word_1_95' title='bbox 253 1197 374 1276; x_wconf 77' lang='lat' dir='ltr'>aliisque</span> <span class='ocrx_word' id='word_1_96' title='bbox 395 1197 499 1262; x_wconf 85' lang='lat' dir='ltr'>divinis</span> <span class='ocrx_word' id='word_1_97' title='bbox 520 1198 692 1278; x_wconf 81' lang='lat' dir='ltr'>attributis,</span> <span class='ocrx_word' id='word_1_98' title='bbox 712 1217 778 1274; x_wconf 81' lang='lat' dir='ltr'>quae</span> <span class='ocrx_word' id='word_1_99' title='bbox 798 1196 928 1258; x_wconf 84' lang='lat' dir='ltr'>sensibus</span> 
     </span>
     <span class='ocr_line' id='line_1_15' title="bbox 115 1275 928 1358; baseline -0.014 -11"><span class='ocrx_word' id='word_1_100' title='bbox 115 1279 256 1356; x_wconf 79' lang='lat' dir='ltr'>imper-via</span> <span class='ocrx_word' id='word_1_101' title='bbox 275 1281 470 1343; x_wconf 88' lang='lat' dir='ltr'>omninosunt</span> <span class='ocrx_word' id='word_1_102' title='bbox 481 1299 493 1358; x_wconf 88' lang='lat'>,·</span> <span class='ocrx_word' id='word_1_103' title='bbox 513 1275 844 1354; x_wconf 81' lang='lat' dir='ltr'>nullamqueagnoscunt</span> <span class='ocrx_word' id='word_1_104' title='bbox 865 1295 928 1340; x_wconf 87' lang='lat' dir='ltr'>cor-</span> 
     </span>
     <span class='ocr_line' id='line_1_16' title="bbox 113 1353 928 1436; baseline -0.006 -14"><span class='ocrx_word' id='word_1_105' title='bbox 113 1379 239 1436; x_wconf 84' lang='lat' dir='ltr'>poream</span> <span class='ocrx_word' id='word_1_106' title='bbox 262 1363 424 1424; x_wconf 83' lang='lat' dir='ltr'>motionem</span> <span class='ocrx_word' id='word_1_107' title='bbox 454 1377 603 1434; x_wconf 90' lang='lat' dir='ltr'>tamquam</span> <span class='ocrx_word' id='word_1_108' title='bbox 635 1377 766 1434; x_wconf 84' lang='lat' dir='ltr'>caussam</span> <span class='ocrx_word' id='word_1_109' title='bbox 790 1353 928 1419; x_wconf 90' lang='lat' dir='ltr'>determi-</span> 
     </span>
     <span class='ocr_line' id='line_1_17' title="bbox 114 1433 927 1516; baseline -0.006 -14"><span class='ocrx_word' id='word_1_110' title='bbox 114 1448 258 1502; x_wconf 85' lang='lat' dir='ltr'>nantem.</span> <span class='ocrx_word' id='word_1_111' title='bbox 281 1441 394 1502; x_wconf 90' lang='lat' dir='ltr'>Rursus</span> <span class='ocrx_word' id='word_1_112' title='bbox 403 1457 484 1500; x_wconf 87' lang='lat' dir='ltr'>mens</span> <span class='ocrx_word' id='word_1_113' title='bbox 506 1458 557 1516; x_wconf 86' lang='lat' dir='ltr'>pro</span> <span class='ocrx_word' id='word_1_114' title='bbox 569 1436 652 1500; x_wconf 89' lang='lat' dir='ltr'>libitu</span> <span class='ocrx_word' id='word_1_115' title='bbox 675 1457 762 1500; x_wconf 89' lang='lat' dir='ltr'>unam</span> <span class='ocrx_word' id='word_1_116' title='bbox 781 1433 927 1510; x_wconf 84' lang='lat' dir='ltr'>abrumpit</span> 
     </span>
     <span class='ocr_line' id='line_1_18' title="bbox 115 1513 928 1597; baseline -0.005 -16"><span class='ocrx_word' id='word_1_117' title='bbox 115 1517 348 1597; x_wconf 84' lang='lat' dir='ltr'>cogitationem,</span> <span class='ocrx_word' id='word_1_118' title='bbox 370 1516 456 1580; x_wconf 91' lang='lat' dir='ltr'>aliam</span> <span class='ocrx_word' id='word_1_119' title='bbox 466 1538 500 1594; x_wconf 88' lang='lat' dir='ltr'>ag</span> <span class='ocrx_word' id='word_1_120' title='bbox 520 1513 641 1580; x_wconf 90' lang='lat' dir='ltr'>reditur:</span> <span class='ocrx_word' id='word_1_121' title='bbox 662 1516 698 1578; x_wconf 92' lang='lat' dir='ltr'>ab</span> <span class='ocrx_word' id='word_1_122' title='bbox 708 1538 764 1580; x_wconf 88' lang='lat' dir='ltr'>una</span> <span class='ocrx_word' id='word_1_123' title='bbox 785 1515 820 1578; x_wconf 92' lang='lat' dir='ltr'>ad</span> <span class='ocrx_word' id='word_1_124' title='bbox 841 1515 928 1578; x_wconf 88' lang='lat' dir='ltr'>aliam</span> 
     </span>
     <span class='ocr_line' id='line_1_19' title="bbox 112 1538 929 1674; baseline -0.009 -10"><span class='ocrx_word' id='word_1_125' title='bbox 112 1617 145 1664; x_wconf 78' lang='lat' dir='ltr'>se</span> <span class='ocrx_word' id='word_1_126' title='bbox 166 1592 323 1662; x_wconf 46' lang='lat' dir='ltr'>‘transferm</span> <span class='ocrx_word' id='word_1_127' title='bbox 344 1538 540 1674; x_wconf 72' lang='lat' dir='ltr'>tmorespedu</span> <span class='ocrx_word' id='word_1_128' title='bbox 563 1595 654 1660; x_wconf 88' lang='lat' dir='ltr'>etiam</span> <span class='ocrx_word' id='word_1_129' title='bbox 671 1595 803 1661; x_wconf 76' lang='lat' dir='ltr'>idearum</span> <span class='ocrx_word' id='word_1_130' title='bbox 824 1595 860 1660; x_wconf 89' lang='lat' dir='ltr'>ab</span> <span class='ocrx_word' id='word_1_131' title='bbox 879 1616 929 1658; x_wconf 82' lang='lat' dir='ltr'>ex-</span> 
     </span>
     <span class='ocr_line' id='line_1_20' title="bbox 116 1671 929 1760; baseline -0.005 -18"><span class='ocrx_word' id='word_1_132' title='bbox 116 1677 207 1757; x_wconf 82' lang='lat' dir='ltr'>temis</span> <span class='ocrx_word' id='word_1_133' title='bbox 228 1675 346 1756; x_wconf 81' lang='lat' dir='ltr'>objediis</span> <span class='ocrx_word' id='word_1_134' title='bbox 364 1677 559 1742; x_wconf 74' lang='lat' dir='ltr'>excitatorum</span> <span class='ocrx_word' id='word_1_135' title='bbox 594 1671 749 1752; x_wconf 75' lang='lat' dir='ltr'>perfeiiam</span> <span class='ocrx_word' id='word_1_136' title='bbox 779 1675 867 1740; x_wconf 87' lang='lat' dir='ltr'>habet</span> <span class='ocrx_word' id='word_1_137' title='bbox 895 1675 929 1760; x_wconf 70' lang='lat' dir='ltr'>ii7</span> 
     </span>
     <span class='ocr_line' id='line_1_21' title="bbox 115 1751 924 1838; baseline -0.005 -18"><span class='ocrx_word' id='word_1_138' title='bbox 115 1757 280 1832; x_wconf 83' lang='lat' dir='ltr'>bertatem,</span> <span class='ocrx_word' id='word_1_139' title='bbox 299 1759 332 1820; x_wconf 88' lang='lat' dir='ltr'>in</span> <span class='ocrx_word' id='word_1_140' title='bbox 353 1776 565 1838; x_wconf 84' lang='lat' dir='ltr'>quamcumque</span> <span class='ocrx_word' id='word_1_141' title='bbox 586 1755 702 1820; x_wconf 86' lang='lat' dir='ltr'>libuerit</span> <span class='ocrx_word' id='word_1_142' title='bbox 724 1756 816 1818; x_wconf 86' lang='lat' dir='ltr'>aciem</span> <span class='ocrx_word' id='word_1_143' title='bbox 838 1751 924 1829; x_wconf 84' lang='lat' dir='ltr'>figere</span> 
     </span>
     <span class='ocr_line' id='line_1_22' title="bbox 116 1829 929 1914; baseline -0.009 -16"><span class='ocrx_word' id='word_1_144' title='bbox 116 1855 206 1900; x_wconf 88' lang='lat' dir='ltr'>unam</span> <span class='ocrx_word' id='word_1_145' title='bbox 215 1835 300 1898; x_wconf 87' lang='lat' dir='ltr'>alteri</span> <span class='ocrx_word' id='word_1_146' title='bbox 310 1856 493 1914; x_wconf 85' lang='lat' dir='ltr'>praeponere,</span> <span class='ocrx_word' id='word_1_147' title='bbox 514 1837 622 1911; x_wconf 87' lang='lat' dir='ltr'>absque</span> <span class='ocrx_word' id='word_1_148' title='bbox 643 1832 764 1912; x_wconf 91' lang='lat' dir='ltr'>eoquod</span> <span class='ocrx_word' id='word_1_149' title='bbox 784 1829 843 1894; x_wconf 79' lang='lat' dir='ltr'>utta</span> <span class='ocrx_word' id='word_1_150' title='bbox 864 1853 929 1908; x_wconf 35' lang='lat' dir='ltr'>pos«,</span> 
     </span>
     <span class='ocr_line' id='line_1_23' title="bbox 111 1911 929 1989; baseline -0.005 -11"><span class='ocrx_word' id='word_1_151' title='bbox 111 1917 151 1978; x_wconf 89' lang='lat' dir='ltr'>sit</span> <span class='ocrx_word' id='word_1_152' title='bbox 181 1911 284 1980; x_wconf 83' lang='lat' dir='ltr'>adduci</span> <span class='ocrx_word' id='word_1_153' title='bbox 311 1930 431 1976; x_wconf 86' lang='lat' dir='ltr'>externa</span> <span class='ocrx_word' id='word_1_154' title='bbox 463 1916 554 1977; x_wconf 91' lang='lat' dir='ltr'>motio</span> <span class='ocrx_word' id='word_1_155' title='bbox 581 1915 669 1989; x_wconf 86' lang='lat' dir='ltr'>ipsam</span> <span class='ocrx_word' id='word_1_156' title='bbox 711 1913 929 1982; x_wconf 62' lang='lat' dir='ltr'>determinans-&#39;4</span> 
     </span>
     <span class='ocr_line' id='line_1_24' title="bbox 111 1990 958 2068; baseline -0.009 -8"><span class='ocrx_word' id='word_1_157' title='bbox 111 1997 181 2062; x_wconf 87' lang='lat' dir='ltr'>Nun</span> <span class='ocrx_word' id='word_1_158' title='bbox 212 2011 282 2068; x_wconf 79' lang='lat' dir='ltr'>ergo</span> <span class='ocrx_word' id='word_1_159' title='bbox 304 1993 434 2068; x_wconf 90' lang='lat' dir='ltr'>sequitur</span> <span class='ocrx_word' id='word_1_160' title='bbox 456 1993 551 2056; x_wconf 88' lang='lat' dir='ltr'>anima</span> <span class='ocrx_word' id='word_1_161' title='bbox 579 1994 608 2054; x_wconf 91' lang='lat' dir='ltr'>in</span> <span class='ocrx_word' id='word_1_162' title='bbox 631 1990 789 2067; x_wconf 81' lang='lat' dir='ltr'>cogitando</span> <span class='ocrx_word' id='word_1_163' title='bbox 811 1991 928 2054; x_wconf 76' lang='lat' dir='ltr'>inertiae</span> <span class='ocrx_word' id='word_1_164' title='bbox 957 2033 958 2044; x_wconf 25' lang='grc' dir='ltr'><strong>η</strong></span> 
     </span>
     <span class='ocr_line' id='line_1_25' title="bbox 112 2070 929 2154; baseline -0.004 -18"><span class='ocrx_word' id='word_1_165' title='bbox 112 2073 210 2154; x_wconf 78' lang='lat' dir='ltr'>leges,</span> <span class='ocrx_word' id='word_1_166' title='bbox 238 2091 308 2148; x_wconf 84' lang='lat' dir='ltr'>ergo</span> <span class='ocrx_word' id='word_1_167' title='bbox 330 2088 477 2150; x_wconf 74' lang='lat' dir='ltr'>repugnat</span> <span class='ocrx_word' id='word_1_168' title='bbox 492 2070 683 2138; x_wconf 85' lang='lat' dir='ltr'>substantiam</span> <span class='ocrx_word' id='word_1_169' title='bbox 700 2071 829 2136; x_wconf 84' lang='lat' dir='ltr'>inertem</span> <span class='ocrx_word' id='word_1_170' title='bbox 848 2071 929 2148; x_wconf 50' lang='lat' dir='ltr'>cogia&#39;·</span> 
     </span>
     <span class='ocr_line' id='line_1_26' title="bbox 113 2173 193 2216; baseline -0.038 0"><span class='ocrx_word' id='word_1_171' title='bbox 113 2173 193 2216; x_wconf 88' lang='lat' dir='ltr'>tare.</span> 
     </span>
    </p>

    <p class='ocr_par' dir='ltr' id='par_1_6' title="bbox 107 2227 926 2792">
     <span class='ocr_line' id='line_1_27' title="bbox 154 2227 925 2318; baseline -0.003 -23"><span class='ocrx_word' id='word_1_172' title='bbox 154 2245 220 2306; x_wconf 82' lang='lat'>169.</span> <span class='ocrx_word' id='word_1_173' title='bbox 241 2227 371 2296; x_wconf 84' lang='lat' dir='ltr'>Tandem</span> <span class='ocrx_word' id='word_1_174' title='bbox 395 2250 535 2314; x_wconf 75' lang='lat' dir='ltr'>repugnat</span> <span class='ocrx_word' id='word_1_175' title='bbox 553 2232 751 2298; x_wconf 78' lang='lat' dir='ltr'>substantiam</span> <span class='ocrx_word' id='word_1_176' title='bbox 771 2248 925 2318; x_wconf 81' lang='lat' dir='ltr'>extensam</span> 
     </span>
     <span class='ocr_line' id='line_1_28' title="bbox 111 2309 925 2392; baseline 0.002 -16"><span class='ocrx_word' id='word_1_177' title='bbox 111 2309 313 2391; x_wconf 80' lang='lat' dir='ltr'>divisibilem,</span> <span class='ocrx_word' id='word_1_178' title='bbox 343 2312 490 2392; x_wconf 85' lang='lat' dir='ltr'>solidam,</span> <span class='ocrx_word' id='word_1_179' title='bbox 521 2315 648 2380; x_wconf 89' lang='lat' dir='ltr'>inertem</span> <span class='ocrx_word' id='word_1_180' title='bbox 670 2334 738 2378; x_wconf 84' lang='lat' dir='ltr'>esse.</span> <span class='ocrx_word' id='word_1_181' title='bbox 753 2312 925 2390; x_wconf 87' lang='lat' dir='ltr'>principium</span> 
     </span>
     <span class='ocr_line' id='line_1_29' title="bbox 110 2390 926 2470; baseline -0.002 -12"><span class='ocrx_word' id='word_1_182' title='bbox 110 2393 224 2458; x_wconf 84' lang='lat' dir='ltr'>intimae</span> <span class='ocrx_word' id='word_1_183' title='bbox 244 2393 451 2470; x_wconf 84' lang='lat' dir='ltr'>conscientiae,</span> <span class='ocrx_word' id='word_1_184' title='bbox 471 2390 806 2463; x_wconf 80' lang='lat' dir='ltr'>seuanimadvertentiae</span> <span class='ocrx_word' id='word_1_185' title='bbox 827 2411 926 2470; x_wconf 78' lang='lat' dir='ltr'>perce,-</span> 
     </span>
     <span class='ocr_line' id='line_1_30' title="bbox 111 2471 926 2556; baseline -0.001 -20"><span class='ocrx_word' id='word_1_186' title='bbox 111 2473 245 2550; x_wconf 88' lang='lat' dir='ltr'>ptionis·</span> <span class='ocrx_word' id='word_1_187' title='bbox 266 2473 344 2536; x_wconf 89' lang='lat' dir='ltr'>Nam</span> <span class='ocrx_word' id='word_1_188' title='bbox 363 2473 657 2540; x_wconf 83' lang='lat' dir='ltr'>datomaterialistis</span> <span class='ocrx_word' id='word_1_189' title='bbox 677 2472 772 2552; x_wconf 87' lang='lat' dir='ltr'>ideas,</span> <span class='ocrx_word' id='word_1_190' title='bbox 793 2474 855 2538; x_wconf 87' lang='lat' dir='ltr'>sive</span> <span class='ocrx_word' id='word_1_191' title='bbox 874 2471 926 2556; x_wconf 83' lang='lat' dir='ltr'>ob·</span> 
     </span>
     <span class='ocr_line' id='line_1_31' title="bbox 109 2550 923 2636; baseline -0.004 -21"><span class='ocrx_word' id='word_1_192' title='bbox 109 2550 249 2632; x_wconf 74' lang='lat' dir='ltr'>jedorum</span> <span class='ocrx_word' id='word_1_193' title='bbox 268 2557 539 2632; x_wconf 85' lang='lat' dir='ltr'>repraesentationes</span> <span class='ocrx_word' id='word_1_194' title='bbox 559 2553 620 2619; x_wconf 87' lang='lat' dir='ltr'>fieri</span> <span class='ocrx_word' id='word_1_195' title='bbox 641 2555 671 2618; x_wconf 91' lang='lat' dir='ltr'>in</span> <span class='ocrx_word' id='word_1_196' title='bbox 693 2555 789 2616; x_wconf 90' lang='lat' dir='ltr'>anima</span> <span class='ocrx_word' id='word_1_197' title='bbox 809 2571 859 2636; x_wconf 79' lang='lat' dir='ltr'>per</span> <span class='ocrx_word' id='word_1_198' title='bbox 880 2551 923 2614; x_wconf 92' lang='lat' dir='ltr'>di-</span> 
     </span>
     <span class='ocr_line' id='line_1_32' title="bbox 110 2629 924 2710; baseline -0.002 -16"><span class='ocrx_word' id='word_1_199' title='bbox 110 2653 227 2710; x_wconf 83' lang='lat' dir='ltr'>versam</span> <span class='ocrx_word' id='word_1_200' title='bbox 260 2633 467 2709; x_wconf 87' lang='lat' dir='ltr'>particularum</span> <span class='ocrx_word' id='word_1_201' title='bbox 495 2631 774 2708; x_wconf 82' lang='lat' dir='ltr'>combinationem,</span> <span class='ocrx_word' id='word_1_202' title='bbox 807 2629 854 2694; x_wconf 91' lang='lat' dir='ltr'>vel</span> <span class='ocrx_word' id='word_1_203' title='bbox 873 2651 924 2708; x_wconf 89' lang='lat' dir='ltr'>pet</span> 
     </span>
     <span class='ocr_line' id='line_1_33' title="bbox 107 2707 925 2792; baseline -0.005 -16"><span class='ocrx_word' id='word_1_204' title='bbox 107 2730 207 2776; x_wconf 90' lang='lat' dir='ltr'>motus</span> <span class='ocrx_word' id='word_1_205' title='bbox 227 2711 263 2776; x_wconf 93' lang='lat' dir='ltr'>ad</span> <span class='ocrx_word' id='word_1_206' title='bbox 284 2712 428 2776; x_wconf 87' lang='lat' dir='ltr'>celebrum</span> <span class='ocrx_word' id='word_1_207' title='bbox 450 2711 676 2792; x_wconf 76' lang='lat' dir='ltr'>tradudionem,</span> <span class='ocrx_word' id='word_1_208' title='bbox 697 2707 842 2787; x_wconf 86' lang='lat' dir='ltr'>quomodo</span> <span class='ocrx_word' id='word_1_209' title='bbox 863 2711 925 2773; x_wconf 86' lang='lat' dir='ltr'>nni·</span> 
     </span>
    </p>
   </div>
   <div class='ocr_carea' id='block_1_6' title="bbox 107 2791 1028 2870">
    <p class='ocr_par' dir='ltr' id='par_1_7' title="bbox 107 2791 1028 2870">
     <span class='ocr_line' id='line_1_34' title="bbox 107 2791 1028 2870; baseline -0.005 -14"><span class='ocrx_word' id='word_1_210' title='bbox 107 2811 156 2856; x_wconf 89' lang='lat' dir='ltr'>ma</span> <span class='ocrx_word' id='word_1_211' title='bbox 178 2791 298 2869; x_wconf 85' lang='lat' dir='ltr'>seipsam</span> <span class='ocrx_word' id='word_1_212' title='bbox 320 2793 429 2858; x_wconf 89' lang='lat' dir='ltr'>abhoc</span> <span class='ocrx_word' id='word_1_213' title='bbox 451 2809 537 2856; x_wconf 90' lang='lat' dir='ltr'>motu</span> <span class='ocrx_word' id='word_1_214' title='bbox 558 2791 737 2868; x_wconf 77' lang='lat' dir='ltr'>distinguet,</span> <span class='ocrx_word' id='word_1_215' title='bbox 757 2806 846 2866; x_wconf 88' lang='lat' dir='ltr'>atque</span> <span class='ocrx_word' id='word_1_216' title='bbox 867 2794 925 2852; x_wconf 92' lang='lat' dir='ltr'>hu·</span> <span class='ocrx_word' id='word_1_217' title='bbox 1025 2863 1028 2870; x_wconf 33' lang='grc' dir='ltr'>Ι</span> 
     </span>
    </p>
   </div>
   <div class='ocr_carea' id='block_1_7' title="bbox 101 2869 924 3436">
    <p class='ocr_par' dir='ltr' id='par_1_8' title="bbox 101 2869 924 3436">
     <span class='ocr_line' id='line_1_35' title="bbox 107 2869 923 2952; baseline 0.002 -18"><span class='ocrx_word' id='word_1_218' title='bbox 107 2873 188 2950; x_wconf 86' lang='lat' dir='ltr'>jusce</span> <span class='ocrx_word' id='word_1_219' title='bbox 208 2873 472 2952; x_wconf 65' lang='lat' dir='ltr'>repraesentationis</span> <span class='ocrx_word' id='word_1_220' title='bbox 492 2872 608 2938; x_wconf 89' lang='lat' dir='ltr'>habebit</span> <span class='ocrx_word' id='word_1_221' title='bbox 628 2869 862 2936; x_wconf 82' lang='lat' dir='ltr'>conscientiam?</span> <span class='ocrx_word' id='word_1_222' title='bbox 883 2869 923 2936; x_wconf 81' lang='lat' dir='ltr'>E-</span> 
     </span>
     <span class='ocr_line' id='line_1_36' title="bbox 105 2949 924 3032; baseline 0.002 -20"><span class='ocrx_word' id='word_1_223' title='bbox 105 2951 224 3026; x_wconf 81' lang='lat' dir='ltr'>quidem</span> <span class='ocrx_word' id='word_1_224' title='bbox 242 2957 310 3020; x_wconf 70' lang='lat' dir='ltr'>baec.</span> <span class='ocrx_word' id='word_1_225' title='bbox 325 2953 519 3032; x_wconf 84' lang='lat' dir='ltr'>conscientia,</span> <span class='ocrx_word' id='word_1_226' title='bbox 542 2974 610 3018; x_wconf 86' lang='lat' dir='ltr'>eum</span> <span class='ocrx_word' id='word_1_227' title='bbox 632 2949 745 3030; x_wconf 86' lang='lat' dir='ltr'>&amp;ipsa</span> <span class='ocrx_word' id='word_1_228' title='bbox 767 2951 805 3014; x_wconf 89' lang='lat' dir='ltr'>sit</span> <span class='ocrx_word' id='word_1_229' title='bbox 828 2970 924 3026; x_wconf 91' lang='lat' dir='ltr'>perce-</span> 
     </span>
     <span class='ocr_line' id='line_1_37' title="bbox 108 3029 923 3110; baseline 0.002 -18"><span class='ocrx_word' id='word_1_230' title='bbox 108 3029 191 3110; x_wconf 88' lang='lat' dir='ltr'>ptio,</span> <span class='ocrx_word' id='word_1_231' title='bbox 210 3029 306 3110; x_wconf 85' lang='lat' dir='ltr'>aliquo</span> <span class='ocrx_word' id='word_1_232' title='bbox 327 3035 461 3100; x_wconf 74' lang='lat' dir='ltr'>materia</span> <span class='ocrx_word' id='word_1_233' title='bbox 472 3049 555 3097; x_wconf 88' lang='lat' dir='ltr'>motu</span> <span class='ocrx_word' id='word_1_234' title='bbox 577 3032 637 3096; x_wconf 90' lang='lat' dir='ltr'>fieri</span> <span class='ocrx_word' id='word_1_235' title='bbox 658 3030 762 3108; x_wconf 85' lang='lat' dir='ltr'>debet.</span> <span class='ocrx_word' id='word_1_236' title='bbox 786 3029 847 3094; x_wconf 88' lang='lat' dir='ltr'>Hic</span> <span class='ocrx_word' id='word_1_237' title='bbox 870 3031 923 3108; x_wconf 82' lang='lat' dir='ltr'>igi-</span> 
     </span>
     <span class='ocr_line' id='line_1_38' title="bbox 108 3109 921 3192; baseline 0.002 -20"><span class='ocrx_word' id='word_1_238' title='bbox 108 3125 159 3172; x_wconf 91' lang='lat' dir='ltr'>tur</span> <span class='ocrx_word' id='word_1_239' title='bbox 180 3128 294 3188; x_wconf 83' lang='lat' dir='ltr'>mutus,</span> <span class='ocrx_word' id='word_1_240' title='bbox 314 3114 607 3190; x_wconf 86' lang='lat' dir='ltr'>animadvertentiam</span> <span class='ocrx_word' id='word_1_241' title='bbox 628 3109 822 3192; x_wconf 88' lang='lat' dir='ltr'>perceptionis</span> <span class='ocrx_word' id='word_1_242' title='bbox 840 3111 921 3186; x_wconf 76' lang='lat' dir='ltr'>enci,-</span> 
     </span>
     <span class='ocr_line' id='line_1_39' title="bbox 109 3185 923 3272; baseline -0.002 -16"><span class='ocrx_word' id='word_1_243' title='bbox 109 3205 196 3267; x_wconf 76' lang='lat' dir='ltr'>tans,</span> <span class='ocrx_word' id='word_1_244' title='bbox 221 3188 269 3254; x_wconf 91' lang='lat' dir='ltr'>vel</span> <span class='ocrx_word' id='word_1_245' title='bbox 289 3193 350 3253; x_wconf 81' lang='lat' dir='ltr'>erit</span> <span class='ocrx_word' id='word_1_246' title='bbox 366 3193 462 3272; x_wconf 88' lang='lat' dir='ltr'>idem,</span> <span class='ocrx_word' id='word_1_247' title='bbox 484 3185 852 3272; x_wconf 75' lang='lat' dir='ltr'>quiexcitaturabobjeiio</span> <span class='ocrx_word' id='word_1_248' title='bbox 874 3212 923 3254; x_wconf 81' lang='lat' dir='ltr'>eu·</span> 
     </span>
     <span class='ocr_line' id='line_1_40' title="bbox 101 3267 921 3352; baseline 0 -18"><span class='ocrx_word' id='word_1_249' title='bbox 101 3284 205 3347; x_wconf 86' lang='lat' dir='ltr'>terno,</span> <span class='ocrx_word' id='word_1_250' title='bbox 229 3267 276 3334; x_wconf 78' lang='lat' dir='ltr'>rel</span> <span class='ocrx_word' id='word_1_251' title='bbox 295 3268 442 3336; x_wconf 88' lang='lat' dir='ltr'>diversus.</span> <span class='ocrx_word' id='word_1_252' title='bbox 461 3276 665 3352; x_wconf 87' lang='lat' dir='ltr'>Nonprimus,</span> <span class='ocrx_word' id='word_1_253' title='bbox 685 3293 753 3336; x_wconf 92' lang='lat' dir='ltr'>cum</span> <span class='ocrx_word' id='word_1_254' title='bbox 774 3273 822 3334; x_wconf 89' lang='lat' dir='ltr'>bic</span> <span class='ocrx_word' id='word_1_255' title='bbox 845 3271 921 3336; x_wconf 88' lang='lat' dir='ltr'>dire-</span> 
     </span>
     <span class='ocr_line' id='line_1_41' title="bbox 101 3347 920 3436; baseline 0.002 -24"><span class='ocrx_word' id='word_1_256' title='bbox 101 3347 178 3420; x_wconf 70' lang='lat' dir='ltr'>eiam</span> <span class='ocrx_word' id='word_1_257' title='bbox 206 3399 216 3430; x_wconf 92' lang='lat'>,</span> <span class='ocrx_word' id='word_1_258' title='bbox 260 3371 317 3412; x_wconf 89' lang='lat' dir='ltr'>non</span> <span class='ocrx_word' id='word_1_259' title='bbox 347 3349 485 3418; x_wconf 83' lang='lat' dir='ltr'>reflexam</span> <span class='ocrx_word' id='word_1_260' title='bbox 511 3356 724 3436; x_wconf 87' lang='lat' dir='ltr'>perceptionem</span> <span class='ocrx_word' id='word_1_261' title='bbox 752 3349 920 3417; x_wconf 85' lang='lat' dir='ltr'>exhibeat.</span> 
     </span>
    </p>
   </div>
   <div class='ocr_carea' id='block_1_8' title="bbox 100 3431 919 3576">
    <p class='ocr_par' dir='ltr' id='par_1_9' title="bbox 100 3431 919 3576">
     <span class='ocr_line' id='line_1_42' title="bbox 100 3431 919 3575; baseline -0.005 -75"><span class='ocrx_word' id='word_1_262' title='bbox 100 3433 171 3500; x_wconf 86' lang='lat' dir='ltr'>Non</span> <span class='ocrx_word' id='word_1_263' title='bbox 191 3431 358 3518; x_wconf 85' lang='lat' dir='ltr'>secundus,</span> <span class='ocrx_word' id='word_1_264' title='bbox 387 3432 523 3525; x_wconf 80' lang='lat' dir='ltr'>quippe,</span> <span class='ocrx_word' id='word_1_265' title='bbox 567 3452 673 3516; x_wconf 89' lang='lat' dir='ltr'>utpote</span> <span class='ocrx_word' id='word_1_266' title='bbox 695 3432 919 3575; x_wconf 45' lang='grc' dir='ltr'>ἀῑῐεᾶςέμιρωί</span> 
     </span>
     <span class='ocr_line' id='line_1_43' title="bbox 815 3533 876 3576; baseline -0.049 0"><span class='ocrx_word' id='word_1_267' title='bbox 815 3533 876 3576; x_wconf 76' lang='lat' dir='ltr'>issi·</span> 
     </span>
    </p>
   </div>
   <div class='ocr_carea' id='block_1_9' title="bbox 0 0 1190 4148">
    <p class='ocr_par' dir='ltr' id='par_1_10' title="bbox 0 0 1190 4148">
     <span class='ocr_line' id='line_1_44' title="bbox 0 0 1190 4148; baseline 0 3"><span class='ocrx_word' id='word_1_268' title='bbox 0 0 1190 4148; x_wconf 95' lang='lat' dir='ltr'> </span> 
     </span>
    </p>
   </div>
  </div>
 </body>
</html>
