2370 4148
398 13 441 22 ‘a

294 207 363 270 nnn
410 255 421 270 a
588 193 760 280 Elementa.

260 278 351 354 scopii
381 269 519 337 beneficio
539 293 608 338 nota
640 297 697 340 non
727 277 868 357 videant,
900 279 1088 344 extensiones

257 375 362 436 nutem
384 371 518 416 accurate
540 375 596 417 non
617 375 757 438 cernant,
779 381 846 422 nam
868 357 970 434 singoli
991 361 1082 422 homi-

261 458 313 500 nes
340 433 440 497 oculos
468 436 575 496 habent
604 437 718 503 diverso
748 438 831 516 piane
862 440 947 500 modo
967 438 1085 501 consor·
1144 477 1149 494 r

255 535 352 582 matos
363 564 371 593 ,
393 513 521 589 adeoque
541 515 663 580 eandem
684 519 1013 582 exterrsionemdiversae
1033 519 1075 582 vi·

257 595 330 662 dent
352 593 573 670 magnitudinis.
595 601 658 660 lmo
676 596 807 674 ejusdem
827 600 938 662 bomini
958 599 1076 662 sinistro

173 689 175 695 '
257 675 349 740 nculo‘
365 673 439 736 idem
460 671 603 752 objedium
626 679 717 755 majus
737 697 873 756 apparet,
895 700 980 755 quam
1010 676 1078 742 dex·

258 773 340 833 ter03
360 755 492 818 omnibus
512 774 583 819 vero
604 757 766 820 hominibus
787 755 853 835 Sol,
874 756 907 822 dt
929 763 1010 822 Luna
1036 759 1078 818 vi·
1126 750 1137 774 ²

256 833 364 900 dentur
393 833 597 910 magnitudinis
632 835 785 916 bipedalis,
814 837 847 902 dt
875 839 959 900 Luna
981 838 1077 923 naaion

256 913 353 982 stellis
373 931 475 978 contra
496 921 718 982 astronomicam
739 917 936 982 evidentiam.

300 993 431 1060 Secundo
450 996 525 1058 circa
546 1017 642 1060 rerum
665 995 782 1092 figuram
812 995 1004 1060 multifariam
1032 1005 1077 1060 er'·

255 1092 329 1146 ¹rant
359 1070 435 1148 oculi
446 1093 456 1152 ,·
478 1095 543 1138 nam
565 1074 597 1138 dt
621 1079 804 1139 minimorum
827 1075 1014 1154 animalium,
1044 1073 1078 1138 dt

258 1153 633 1235 particularumrcorpora,
665 1172 729 1218 tum
759 1154 882 1231 liquida,
914 1172 978 1217 tum
1007 1155 1077 1216 dura

260 1234 508 1310 componentium
522 1233 624 1308 figuras
645 1255 702 1294 non
734 1234 855 1314 vident3
883 1233 967 1297 iineae
994 1232 1078 1297 reni-

254 1312 392 1378 rtudinem
421 1330 556 1376 accurate
585 1311 762 1389 distinguere
791 1335 847 1376 non
883 1311 1001 1390 valent,
1022 1313 1077 1376 uisi

256 1391 394 1458 amussim
417 1389 581 1472 adhibeam,
602 1389 638 1456 de
661 1414 716 1469 qua
743 1409 841 1457 tamen
862 1393 1090 1456 incerti'rtinm

250 1487 345 1547 sunt,
366 1490 406 1548 an
424 1467 499 1535 retu
520 1473 577 1550 sit,
598 1473 728 1548 ignorata
751 1471 1076 1536 autentineaerenitu-

246 1551 339 1625 dine,
362 1569 478 1623 omnem
498 1549 585 1616 aliam
603 1551 725 1628 figuram
744 1553 879 1630 ignorent
889 1573 1005 1618 necesse
1013 1567 1080 1617 est:

158 1683 161 1690 ,
251 1649 408 1707 corporum
429 1649 499 1692 vero
519 1631 691 1706 distantium
713 1631 831 1708 figuram
854 1629 1017 1712 judicantes
1046 1653 1079 1692 n·
1151 1641 1166 1716 f

252 1709 390 1780 culorum
406 1731 487 1789 usu,
510 1730 582 1788 quot
603 1715 632 1776 in
652 1733 761 1776 errores
784 1735 840 1774 nou
859 1711 1001 1776 labimur?
1024 1713 1078 1772 Er-

249 1807 324 1864 rtant
345 1790 436 1852 etianr
458 1791 535 1868 oculi
557 1793 634 1866 cirta
655 1793 879 1870 motum,.hinc
901 1793 968 1854 navi
989 1807 1079 1854 motat

251 1868 382 1938 insidens
412 1869 490 1936 videt
521 1871 589 1935 litus
620 1875 749 1949 moveri,
780 1873 877 1936 navim
906 1872 1075 1952 quiescere.

234 1949 419 2026 ‘Deripiunt
441 1953 515 2030 circa
538 1951 726 2026 distantiam,
748 1950 794 2025 Sol
818 1975 846 2014 v.
873 1973 899 2028 g.
929 1949 963 2015 dt
993 1953 1077 2012 Luna

253 2032 361 2110 eodem
383 2031 537 2132 intervalio
565 2033 666 2108 dissita
696 2052 852 2111 apparent,
881 2054 948 2096 cum
977 2048 1077 2094 tamen

249 2111 330 2190 §niis
351 2107 490 2180 distantia
513 2135 528 2188 a
552 2113 653 2191 uobis,
672 2116 766 2182 Lunae
787 2111 1079 2176 distantiamincom·

147 2205 154 2214 ‘
279 2189 426 2266 stabiliter
455 2193 596 2260 excedat:
636 2197 742 2256 Errant
774 2191 889 2256 tandem
928 2193 1079 2274 circuen-
1172 2251 1174 2256 ,

250 2215 351 2414 ἔσκε,
381 2291 452 2346 quos
480 2271 644 2346 corporibus
671 2287 890 2347 superextensus
929 2267 1003 2330 falsa
1035 2267 1077 2330 vi·

247 2412 250 2420 f
275 2365 344 2418 ente

299 2425 419 2504 Reliqui
447 2427 537 2490 etiam
566 2423 665 2490 sensus
695 2429 771 2498 circa
808 2425 966 2512 qualitates
996 2425 1077 2494 deci-

252 2509 341 2588 piunt
375 2509 479 2570 mitum
509 2509 537 2568 in
565 2505 700 2568 modum.
731 2511 808 2570 Nam
829 2529 969 2586 sapores,
1008 2505 1079 2568 odo·
1119 2530 1125 2540 ·

173 2601 177 2617 '
254 2610 322 2670 res,
341 2587 484 2665 calorem,
505 2583 613 2664 frigus,
641 2607 744 2650 sonum
766 2583 794 2652 in
823 2587 986 2666 corporibus
1017 2585 1079 2648 eri·

249 2686 335 2736 utere
355 2667 439 2746 multi
462 2687 600 2741 sensuum
621 2665 768 2732 evidentia
789 2669 988 2748 arbitrantur,
1009 2687 1076 2730 cum
1173 2723 1174 2726 ,

254 2765 356 2818 tamen
378 2741 470 2809 iatum
491 2745 641 2810 discrimen
666 2747 705 2810 sit
734 2749 812 2813 inter
841 2747 1014 2831 objectorum
1044 2746 1075 2808 in

254 2839 356 2892 tentus
378 2843 490 2897 nostros
509 2825 667 2906 abbionem,
689 2825 722 2901 dt
743 2829 850 2894 mentis
863 2829 1076 2902 sensationem,

251 2909 322 2972 baec
340 2907 417 2970 enim
439 2928 495 2968 nnn
516 2906 545 2968 in
566 2907 678 2986 niediis,
699 2907 749 2972 sed
771 2909 800 2972 in
832 2909 925 2970 anima
946 2905 1079 2982 residet,

257 2989 417 3066 partiarius
437 2987 547 3072 patebit
567 2989 596 3050 in
618 2989 759 3066 paysitis.
787 2994 892 3060 Atque
917 2985 984 3050 hinc
1016 2983 1076 3060 fit,

254 3084 289 3142 ut
313 3064 386 3140 falso
406 3085 540 3146 putemus
560 3090 660 3132 omnes
680 3069 809 3135 homines
823 3061 939 3134 easdem
970 3063 1005 3128 de
1026 3065 1080 3128 iis·
1161 3071 1165 3080 ’

256 3147 322 3215 dem
344 3145 458 3226 objectis
479 3149 584 3225 habere
611 3149 808 3234 sensationes,
841 3165 943 3220 nempe
973 3165 1074 3232 omnes

256 3225 358 3306 videre
380 3227 488 3310 ctelum
506 3227 663 3294 taeruieum
673 3274 685 3304 ,
705 3241 784 3302 prata
794 3225 917 3288 virentia
926 3222 985 3300 dte.
1007 3245 1072 3288 narn

258 3329 325 3386 curn
347 3301 526 3389 se‘itsa‘tiones
548 3329 565 3370 a
585 3307 694 3380 caussis
715 3303 1075 3382 sensatinnumdifferant,

248 3410 294 3462 ,ac
313 3389 460 3468 riresinr
481 3388 511 3448 in
531 3385 729 3464 commotione
745 3383 891 3450 'fibrarum
918 3405 1073 3454 nervorum

257 3488 449 3556 nostrorum,
479 3485 545 3547 quae
565 3463 602 3539 ad
620 3464 769 3546 cerebrum
788 3467 928 3554 pertingit
950 3513 959 3556 ,
979 3459 1078 3545 profe.
