2370 4148
384 223 608 307 metaphysica.
653 233 655 239 ’
788 229 864 299 aas„

77 307 271 392 distantia-ab
291 304 354 370 aliis
374 306 507 386 objcdis.
529 310 614 370 Patet
635 297 803 368 intrinsecas
825 325 887 368 ino·

77 393 254 456 dificationes
276 387 407 451 materiae
427 405 560 450 naturam
580 387 661 462 sequi
682 383 811 466 debere,
825 385 888 445 sive

77 493 137 536 esse
157 471 260 534 debere
280 481 434 544 extensas,
455 465 610 532 divisibiles
638 462 700 530 dcc.
727 486 796 530 nou,
811 464 886 528 item

77 571 143 616 vero
162 550 361 624 extrinsecas3
382 546 447 608 hinc
468 563 583 624 motus,
604 567 637 609 ac
655 547 755 624 quies,
775 537 888 620 quaead

76 633 250 702 extrinsecos
273 624 371 692 modos
390 626 558 704 pertinent,
586 643 652 688 cuni
683 627 742 690 sint
773 621 890 687 relatio·

6 733 8 740 ’
79 703 126 777 n'es
148 708 183 772 ad
205 705 296 771 varias
317 704 402 780 spatii
423 720 519 780 partes
541 721 661 782 possunt
680 725 744 770 esse
763 724 817 768 nec
838 721 890 764 ex·

76 781 496 864 tensi,necd1visibiles.At
517 785 659 860 cogitatio
688 783 724 847 ad
753 783 890 850 intrinse-

76 889 123 932 cas
143 865 275 930 materiae
294 861 527 926 modificationes
545 861 672 939 spetlare
692 862 799 941 debet,
819 881 889 926 cum
919 887 921 891 ⁴

78 945 220 1024 cogitatio
239 945 277 1007 sit
300 941 392 1019 allio,
420 962 476 1017 qua
503 944 624 1006 materia
655 940 712 1004 alio
740 941 826 1008 ruodo
853 937 900 1022 ad·

76 1029 194 1104 seipsam
216 1043 246 1086 se
271 1022 374 1100 habet,
398 1038 546 1110 propterea
577 1020 697 1098 praedita
716 1042 779 1088 csse
804 1017 902 1100 debet,

77 1107 206 1172 omnibus
227 1102 359 1165 materiae
381 1098 605 1164 alienioribus.
656 1161 662 1165 .

119 1196 185 1264 187.
208 1181 254 1244 Ad
276 1183 418 1245 tertium.
437 1185 525 1262 Juxta
545 1178 757 1258 superiusdidla
776 1181 900 1260 (n.4i),-
952 1185 953 1188 ’

77 1268 125 1331 ubi
144 1265 294 1340 loquamur
314 1260 491 1339 denumero,
514 1259 559 1324 vel
575 1263 755 1328 extensionis
772 1262 894 1339 quanti·

81 1363 154 1423 tate,
176 1345 237 1407 sive
246 1341 282 1404 de
291 1341 668 1420 attributisquantitativis,
690 1342 894 1418 aliisqueacci-

79 1423 259 1499 dentalibus,
281 1421 383 1495 utique
402 1419 482 1496 plura
502 1421 683 1497 competunt}
691 1424 816 1496 partium
831 1421 895 1486 col·

78 1505 210 1580 lediioni,
230 1521 297 1577 quae
317 1497 435 1577 singulis
464 1502 600 1577 separatis
629 1501 756 1576 partibus
785 1521 894 1580 nequa·

77 1581 325 1665 quaniconvenire
347 1596 484 1656 possunt.
506 1584 550 1644 At
578 1579 603 1644 si
630 1579 895 1646 deessentialibus

82 1660 302 1743 perfedlionibus
322 1676 416 1722 sermo
435 1657 498 1738 fiat,
519 1681 564 1736 ea,
583 1679 649 1738 quae
657 1679 819 1739 congruunt
828 1683 896 1739 par*

80 1745 154 1808 tium
174 1741 297 1817 unioni,
315 1741 367 1815 ipsi
376 1740 466 1804 etiam
487 1737 672 1805 distributive
700 1743 824 1818 sumptis
843 1741 895 1804 de-

78 1823 146 1888 bent
166 1837 339 1894 congruere:
359 1821 400 1882 sic
419 1824 565 1900 extensio,
587 1819 740 1901 soliditas,
759 1821 895 1897 gravitas

79 1898 330 1985 accrvolapidum
351 1917 409 1959 nou
431 1901 637 1977 convenirent,
659 1901 714 1964 uisi
728 1899 831 1976 singuli
852 1897 895 1964 la·

81 1979 159 2061 pides
175 1981 279 2061 lorent
298 1977 430 2053 extensi,
452 1976 552 2054 solidi,
572 2000 607 2042 ac
615 1999 732 2054 graves.
751 1979 895 2055 Nisiergo
920 2025 921 2030 η

80 2060 172 2124 velint
194 2055 396 2120 materialistae
415 2057 563 2133 cogitandi
585 2061 643 2120 vim
664 2079 728 2122 esse
746 2057 814 2135 quid
842 2078 894 2132 ex-

79 2143 235 2205 trinsecum
257 2137 410 2212 materiae,
431 2155 466 2199 ac
486 2139 577 2202 veluti
602 2136 734 2202 accidens
754 2139 897 2214 peripate-

80 2221 193 2296 ticum,
216 2216 304 2279 sicuti
324 2231 393 2278 sunt
414 2215 552 2294 horologii
574 2235 671 2280 motus
693 2217 820 2298 respedlu
834 2237 895 2282 ma-

79 2301 163 2362 teriae
185 2295 386 2371 componentis
407 2297 478 2370 (quo
499 2318 566 2363 casu
588 2315 690 2360 contra
708 2318 896 2360 communem

80 2377 229 2452 hominum
250 2374 597 2454 seusumgintimamque
617 2377 828 2442 conscientiam
851 2375 907 2438 lo«.

79 2452 271 2534 querentur),
293 2450 634 2552 sarcingoinecesseesi
655 2455 779 2552 singulas
788 2457 899 2530 animae

80 2554 178 2613 partes
199 2556 262 2598 esse
283 2551 469 2612 cogitationis
496 2557 634 2614 capaces,
655 2557 799 2612 praecipue
825 2556 897 2610 cum

31 2678 34 2682 .
77 2617 217 2692 cogitatio
238 2635 288 2690 per
304 2615 383 2690 ipsos
403 2623 419 2676 a
442 2618 573 2678 motione
594 2637 730 2692 corporea
751 2636 809 2676 non
838 2611 898 2677 dif-

80 2693 177 2772 ferat,
197 2696 282 2772 cnjus
301 2707 371 2755 sunt
391 2714 508 2769 capaces
527 2694 649 2770 singulae
677 2695 811 2758 materiae
832 2715 898 2771 pai·

81 2795 143 2859 ces.
166 2772 281 2837 Deinde
301 2769 380 2835 aliud
401 2789 447 2836 est
476 2776 519 2836 vis
548 2774 671 2851 niotrix,
700 2772 777 2836 aliud
805 2775 896 2852 ipsius

79 2853 265 2932 magnitudo;
287 2857 349 2916 hacc
370 2852 493 2916 secunda
514 2853 611 2916 baberi
640 2871 737 2931 potest
765 2875 814 2930 per
844 2875 895 2918 va-

78 2937 151 3002 riam
179 2935 305 3009 partium
334 2931 567 3010 dispositionem,
598 2948 631 2996 ut
658 2937 688 2996 in
720 2933 895 3011 horologio,

84 3035 141 3076 nori
163 3029 263 3074 autem
285 3013 400 3090 prima,·
419 3034 485 3090 quae
507 3014 560 3075 nisi
583 3012 738 3084 haberetur
757 3013 894 3088 insingu·

78 3091 113 3154 lis
135 3090 271 3165 horologii
293 3089 586 3172 partibus,sprofello
606 3094 636 3156 in
656 3113 757 3156 earum
787 3093 896 3156 unione·

74 3173 137 3234 ‚nori
159 3173 347 3244 reperiretur.
371 3171 516 3236 Addersi
535 3191 574 3237 ex
601 3173 733 3236 omnibus
762 3171 895 3248 partibus

78 3248 223 3316 colletlim
245 3252 367 3326 sumptis
396 3253 486 3316 unum
512 3253 626 3329 exurgit
648 3249 828 3314 individuum
844 3272 896 3316 co·

75 3327 191 3410 gitaudi
214 3330 409 3406 principium,
429 3333 458 3394 iii
487 3353 613 3408 quanam
641 3348 723 3409 parte
750 3334 806 3394 boc
832 3333 893 3397 crit

70 3409 299 3474 collocandum?
320 3412 452 3474 Numin
474 3411 657 3489 indivisibili?
679 3413 707 3477 si
727 3416 783 3477 lioc
803 3410 895 3487 dicas,

72 3512 132 3556 nou
155 3490 282 3560 multum
303 3489 411 3556 recedis
433 3513 449 3555 a
471 3490 634 3634 Militi*
656 3492 893 3572 quiprincipium
