2338 4140
263 299 326 358 qm
564 271 721 342 'Elementa
763 280 798 306 '⁴

272 383 343 436 311».-
359 359 399 420 R.
408 354 566 432 essentiam
578 360 637 422 Dei
659 351 860 422 indivisibilem
870 374 961 434 esse,
975 377 1046 443 ‘nnn

223 459 375 516 quatenus
406 439 435 502 in
456 457 514 498 uno
535 435 701 500 indivisibili
722 435 866 522 attributo
884 439 1047 502 consistat:
1142 489 1149 528 -,

230 517 288 594 ¹sed
308 519 375 596 quia
404 519 435 580 ln
463 514 631 581 indivisibili
663 516 864 586 essentialium
883 519 1053 582 attributo--

228 619 297 663 'rum
319 600 424 661 unione
443 598 503 661 sita
525 615 589 660 est·
613 598 703 662 Sicuti
725 619 810 676 crgo,
832 597 1045 665 nonobstante

156 739 159 744 .
230 675 397 742 indivisibili
421 677 631 741 essentialium
653 679 871 742 ‘attributorum
908 679 1045 758 unione,

193 794 197 816 t
225 779 381 841 possumus
403 778 479 822 nova
502 758 651 822 attributa
669 758 827 837 detegere5
847 780 906 836 quo
919 779 993 822 casu
1007 759 1047 826 ad
1148 781 1149 828 ξ

231 840 274 902 tei
293 840 454 902 essentiam
484 838 592 902 clarius
626 837 835 914 percipiendam
865 839 1053 926 accedimus,
1086 909 1087 916 χ

231 919 275 984 ita
295 915 328 983 dt
348 917 385 982 de
415 918 478 982 idea
499 919 555 982 Dei
577 918 779 984 disserendum
796 936 846 984 est
867 969 876 1000 ,
902 941 969 998 quae
989 941 1051 983 non

227 1015 437 1064 commutatur
460 1018 509 1074 per
530 1017 638 1064 nostrae
651 1001 833 1078 cognitionis
844 1003 982 1079 majorem
997 1021 1051 1065 ex·
1083 1014 1097 1042 ¹
1147 1071 1149 1086 ,

231 1080 414 1147 tensionem.
446 1079 525 1158 ldem
548 1080 584 1142 de
613 1079 782 1158 triangulari
803 1082 928 1158 paritate
949 1080 1050 1161 dicas,
1148 1087 1149 1140 ζ

232 1180 320 1236 quam
341 1177 441 1228 tannen
457 1159 585 1238 neiicere
594 1159 725 1225 absolute
745 1178 915 1240 posmmns,
938 1161 1050 1238 qoiafi·

232 1240 296 1304 uita
318 1259 362 1304 res
383 1239 491 1304 nnllam
512 1239 646 1304 admittit
660 1243 915 1317 comparationem
930 1261 998 1304 cum
1014 1262 1049 1306 re
1067 1254 1071 1261 ’

233 1319 347 1384 infinita
368 1319 453 1382 nullis
473 1320 691 1394 circumscripta
712 1319 867 1384 limitibus.
888 1326 1046 1386 Caeterum

232 1414 438 1476 argumentum
451 1401 549 1462 Deum
569 1397 723 1464 confundit
744 1423 811 1465 cum
832 1405 894 1480 ejus
915 1400 977 1465 idea
994 1423 1047 1464 no·

231 1481 276 1541 bis
298 1477 472 1572 affulgente.
495 1481 554 1544 Dei
576 1481 732 1546 essentiam
753 1481 982 1559 immutabilem,
1012 1478 1047 1546 δε
1081 1555 1083 1557 ,

225 1553 438 1620 indivisibilem
462 1555 609 1638 fatemur,
631 1583 689 1622 non
706 1577 809 1624 tamen
824 1565 886 1638 ejus
901 1561 996 1628 ideam
1016 1563 1047 1623 in
1148 1575 1149 1578 ’

234 1637 315 1700 nobis
336 1637 544 1716 existentem,
574 1662 678 1718 quam,
705 1653 814 1715 utpote
835 1638 1048 1718 imperfedlissi-
1134 1686 1137 1692 -

232 1737 328 1794 mam,
352 1714 386 1780 dt
406 1717 622 1796 inadaequatam
644 1719 738 1780 varias
747 1717 843 1784 subire
864 1719 1046 1783 mutationes

232 1818 284 1876 pro
317 1795 433 1860 diverso
462 1815 625 1862 nostrarum
645 1797 791 1891 mentitam
807 1847 822 1878 ,
847 1799 983 1877 etatis,
1010 1819 1047 1862 ac

232 1875 397 1942 studiorum
417 1894 498 1942 statu
518 1880 660 1944 continuo
682 1879 864 1954 experimur.
886 1957 889 1963 Ι

276 1980 343 2032 312.
363 1959 391 2022 Si
412 1979 493 2022 mens
521 1978 619 2022 nostra
649 1955 842 2036 sibi'effingit
873 1957 966 2022 ideam
992 1961 1047 2022 Dei

232 2055 348 2104 creatas
377 2036 568 2116 perfectiones
596 2037 777 2118 adunando,
808 2037 842 2104 dt
862 2038 1045 2118 ampliando,
1087 2070 1093 2085 =

232 2122 293 2200 jam
332 2117 431 2198 aliquo
464 2119 551 2184 modo
581 2122 678 2184 Deum
715 2121 952 2198 praecognoscit:
990 2141 1048 2182 non
1136 2131 1149 2140 “·

233 2201 312 2264 enim
335 2215 432 2266 tantas
465 2197 654 2278 perfedliones
683 2200 736 2277 ipsi
768 2199 960 2279 adscriberet,
991 2199 1048 2262 nisi

234 2282 311 2357 ptius
332 2283 395 2358 ejus
408 2282 533 2344 baberet
557 2281 711 2359 notitiam,
741 2300 809 2357 ergo
828 2283 920 2346 etiam
942 2280 970 2342 in
993 2284 1047 2344 hac

233 2361 386 2434 hypothesi
425 2360 493 2422 idea
524 2361 580 2422 Dei
619 2361 676 2422 erit
714 2361 840 2424 innata.
887 2359 1048 2438 tecundo:

234 2457 429 2515 quecumque
449 2437 501 2501 fiat
529 2454 731 2501 ereaturarum
752 2437 959 2516 perfedlionum
988 2463 1048 2504 arn-
1148 2469 1149 2494 ;

234 2517 366 2596 pliatio,
396 2535 551 2594 numquam
572 2537 693 2594 exurget
715 2519 779 2582 idea
801 2523 888 2598 Del,
916 2542 983 2598 quae
1012 2518 1047 2583 ad

194 2645 198 2648 -
235 2595 313 2660 aliud
334 2618 424 2675 genus
444 2595 652 2675 perfedlionum
675 2599 799 2676 spectat:
828 2601 935 2679 sicuti,
968 2621 1049 2677 quae-

234 2699 361 2756 cumque
380 2679 704 2757 concipiaturextensio
725 2683 870 2760 corporis,
892 2701 1057 2758 numquam-

235 2755 433 2823 cfformabirur
452 2761 569 2839 spiritus
590 2757 672 2839 idea,
697 2782 763 2839 qua:
784 2785 799 2827 a
821 2783 956 2842 corporea
980 2779 1045 2824 totu

234 2839 314 2908 coelo
334 2836 447 2904 differt.

280 2941 345 2996 313·
364 2924 401 2983 C.
423 2925 501 2984 Cum
523 2943 604 2987 mens
626 2924 733 2986 unione
755 2921 964 2998 perfedlionum
996 2922 1047 2986 sibi

235 2999 368 3069 efformet
389 3002 445 3065 Dei
464 3000 576 3082 ideam,
599 3003 692 3079 ipsum
715 3004 819 3078 utique
834 3001 1048 3079 'praecugnosctt

236 3084 291 3148 sub
312 3083 432 3148 notione
452 3083 553 3158 primae
577 3101 709 3146 caussaes
741 3084 805 3144 haec
836 3099 936 3146 tamen
967 3085 1049 3146 notio

235 3185 294 3226 non
316 3179 361 3226 est
382 3163 437 3240 ipsi
458 3161 582 3239 indata,
610 3161 660 3224 scd
681 3161 825 3236 acquisita
849 3183 885 3226 ex
906 3161 1047 3241 adspedia·

189 3313 191 3316 ,
236 3243 338 3306 bilibus
359 3243 461 3322 rebus,
482 3264 498 3306 a
520 3261 641 3319 quarum
665 3242 847 3321 contingenti
870 3243 1058 3318 existentia,

233 3321 270 3384 dc
291 3323 464 3396 impotentia
494 3341 525 3385 se
544 3322 618 3397 ipsas
639 3321 812 3397 producendi
833 3323 983 3402 paullatim
1004 3344 1047 3386 as·
1136 3345 1138 3349 ·

236 3400 327 3477 surgit
341 3399 376 3461 ad
385 3401 583 3476 cognitionem
593 3401 692 3479 primae
701 3423 830 3484 caussae,
851 3399 1047 3485 cujusdeinde
1146 3437 1149 3456 ι

236 3479 329 3550 ideam
349 3479 401 3543 sibi
421 3478 572 3546 efformare
591 3499 731 3550 conatur„
776 3537 780 3544 .

276 3583 345 3641 314·
368 3559 415 3630 nd
437 3561 583 3634 alterum.
614 3569 656 3635 Ut
674 3588 758 3639 mens
777 3565 813 3636 ad
841 3562 964 3658 supremi
986 3563 1047 3626 Nu-

918 3663 1006 3714 miuus
