2370 4148
473 226 533 288 to
551 221 626 288 icae.
848 247 860 285 1

100 377 120 384 p
149 325 239 372 'rom
260 299 470 380 ramponis,-
484 240 701 382 subgsumptam5
721 247 964 381 nd'cujusbrs·

19 460 28 462 ‚
55 455 81 468 N
126 385 275 469 betiouem
294 383 401 446 iterum
421 381 486 446 dieo
510 433 520 462 ,
540 382 618 461 quod
637 405 721 461 supra
743 380 876 448 adverti:
895 383 945 448 de·

82 467 196 533 ”bere
214 463 354 538 distingui
374 483 479 540 organa
498 465 628 528 sensoria
656 465 694 528 ab
711 483 814 528 eorum
837 465 944 529 motio·

93 597 98 604 Δ
126 548 229 623 nibus,
253 565 280 608 v.
301 563 327 619 g.
347 543 446 607 oculos
465 543 502 607 ab
520 544 706 622 impressione
725 543 798 608 lucis
818 546 848 608 in
867 546 946 622 ipsos

125 623 216 692 fabia.
245 631 320 696 Orga
328 643 363 684 na
391 625 516 710 sensoria
536 625 565 686 in
586 623 688 688 multis
705 623 837 702 decipere
859 637 948 700 nus-3

125 727 229 784 nempe
250 705 326 766 circa
345 723 498 780 corporum
516 701 685 770 distantiam
706 753 716 786 ,
737 701 875 783 liguram,
896 725 947 768 co·

126 788 218 850 lorem
238 781 297 847 &e
319 781 398 844 ultro
416 782 631 863 concedimus;
660 801 704 848 ata
712 807 770 848 non
790 801 944 864 propterea

124 866 273 942 decipiunt
296 883 349 924 nos
368 883 506 926 sensuum
517 864 660 940 motiones
669 864 745 928 circa
753 885 851 928 earum
860 885 946 928 caus·

125 964 190 1022 sas3
219 965 277 1009 non
298 941 383 1006 enim<
397 959 519 1017 possunt
537 937 634 1018 affici,
660 963 695 1006 ac
715 947 825 1008 moveri
844 963 964 1008 sensus·

125 1023 204 1088 nulla
245 1023 375 1086 exterius
414 1023 561 1088 existente
600 1022 843 1100 causalaliquam
875 1024 945 1100 ipsis

123 1105 342 1182 impressionem
355 1135 357 1138 ·
371 1104 611 1168 communicante
635 1103 734 1181 sicuti,
748 1103 946 1180 'contingeret

123 1202 229 1262 negata
249 1203 403 1257 corporum
424 1184 600 1248 existentia.
629 1187 734 1260 ltaque
763 1182 945 1258 cum‘qideo

124 1288 155 1328 u.
173 1286 199 1342 g.
222 1261 383 1343 objedlum,
413 1280 511 1327 certus
526 1284 594 1326 sum
614 1261 758 1342 objectum
778 1263 848 1330 illud
869 1265 946 1326 exis·

121 1364 186 1411 tere
206 1393 218 1423 ,
237 1366 294 1422 quo
315 1341 425 1428 reflexa
445 1341 494 1406 lux
515 1365 597 1408 meos
615 1344 715 1408 oculos
736 1342 827 1412 allicit
841 1396 849 1424 ,
865 1343 945 1430 licet

83 1453 86 1460 ¹
122 1425 219 1501 decipi
239 1423 349 1502 possim
364 1424 440 1488 circa
462 1423 580 1488 modum
601 1425 738 1505 visionis,
758 1441 847 1506 atque
864 1427 944 1492 circa

121 1503 281 1585 qualitates
298 1503 366 1580 ejus
380 1502 544 1568 sensibiles.

143 1605 232 1658 pot,
253 1581 377 1666 Instabis
399 1605 433 1645 ex
447 1583 679 1655 ,Malebrancbio
702 1588 748 1664 (in
766 1583 943 1651 illustratio-

122 1663 208 1730 nibus
227 1661 268 1728 ad
284 1659 397 1724 librum
415 1663 576 1740 primum),
595 1662 694 1730 Plures
706 1667 856 1732 -habentur
877 1687 943 1730 sen-

122 1746 254 1810 sationes
278 1742 387 1818 absque
417 1741 477 1806 ullo
502 1760 627 1810 externo
650 1763 736 1810 motu
770 1748 802 1808 in
827 1747 942 1822 organis
1010 1760 1012 1764 ’

121 1825 271 1888 sensoriis.
303 1827 383 1886 Nam
401 1825 497 1886 somni
517 1841 647 1901 tempore
668 1825 753 1888 multi
772 1825 941 1888 excitantur

72 1969 74 1972 Α
120 1903 162 1968 in·
179 1902 298 1966 cerebro
327 1919 426 1965 motus
456 1902 564 1978 absque
594 1902 654 1965 ulla
681 1902 799 1966 externa
823 1905 940 1976 impres-

120 1984 222 2046 sioness
253 1979 332 2044 Idem
354 1979 391 2044 de
412 1983 576 2047 amentibus
596 1982 691 2059 dicas,
711 2005 833 2058 quorum
853 1984 941 2064 aliqui

119 2083 152 2126 se
172 2060 277 2124 habere
296 2060 326 2122 in
347 2061 444 2137 capite
462 2081 570 2122 cornua
593 2108 601 2137 ,
634 2060 682 2123 alii
709 2083 742 2124 se
770 2081 833 2126 esse
854 2065 940 2136 buty-

119 2161 203 2217 reos,
229 2155 281 2204 aut
301 2140 428 2214 vitreos,
450 2137 499 2200 alii
519 2159 552 2202 se
573 2141 680 2202 habere
695 2161 798 2218 corpus
822 2191 830 2220 ,
854 2143 940 2218 quale

119 2221 209 2288 babet
229 2217 321 2294 gallus
341 2217 533 2296 gallinaceus,
555 2218 661 2298 lupus,
678 2217 712 2283 dt
732 2221 782 2284 bos
803 2221 940 2286 arbitrati

32 2374 35 2380 ¹
116 2317 187 2364 sunt
208 2297 324 2373 decepti
343 2319 480 2378 sensuum
503 2298 671 2364 evidentia.
698 2300 831 2364 Tandem
848 2303 941 2368 etism

118 2381 148 2444 in
165 2377 378 2455 uigilantibus,
395 2398 430 2442 ac
450 2379 525 2441 sanis
544 2379 691 2456 contingit
711 2377 880 2458 aliquando,
903 2397 938 2445 ut

118 2459 168 2536 qui
190 2458 285 2522 altero
304 2457 594 2524 brachiotruncatus
615 2457 711 2524 luerat
733 2510 742 2540 ,
782 2463 939 2524 acerrimos

118 2537 229 2603 dolores
258 2539 287 2600 in
316 2559 356 2603 eo
383 2537 505 2602 sentiret
535 2539 628 2606 etiam
649 2539 774 2602 multum
800 2541 939 2617 temporis

117 2636 182 2698 pust
204 2619 454 2696 amputationem,
482 2617 561 2683 lices
575 2621 680 2696 sciret,
700 2618 736 2686 ἅ
754 2618 868 2684 videret
886 2618 942 2683 illo¹

116 2721 148 2765 se
168 2700 286 2764 brachio
304 2697 430 2777 privari.
523 2758 526 2760 ,

158 2803 230 2850 204.
257 2783 299 2842 R.
326 2777 487 2853 Distinguo
506 2795 601 2842 antec.
621 2777 777 2856 aliquando
795 2779 937 2844 sensatio-

117 2881 168 2924 nes
196 2859 344 2924 habentur
368 2856 473 2934 absque
501 2857 560 2919 ullo
588 2877 712 2923 externo
731 2879 845 2938 motu,
886 2855 943 2934 qui
986 2907 995 2922 .

116 2939 179 3005 adiu
201 2938 252 3004 fiat
272 2941 309 3002 ab
329 2953 452 3004 externo
471 2935 600 3016 objecto,
620 2936 749 3006 concedo
769 2958 863 3004 antec.
883 2941 936 3015 qui

117 3041 264 3094 nunquam
285 3017 376 3085 fadus
397 3015 519 3095 fuerit,
547 3032 620 3093 nego
641 3037 737 3084 antec.
765 3018 827 3086 &o
856 3023 935 3084 Cum

53 3117 55 3120 ·
116 3117 219 3162 sensus
240 3101 300 3164 sint
320 3119 426 3176 organa
447 3099 628 3177 necessaria,
647 3099 734 3164 dubio
755 3099 854 3178 procul.
872 3119 936 3162 mo·

117 3196 189 3238 vere
202 3197 240 3238 se
256 3197 431 3254 nequeunt:
456 3177 510 3244 sed
536 3199 656 3243 necesse
672 3199 717 3244 est
741 3199 774 3244 ut
795 3177 935 3256 impulsio

116 3255 185 3328 ipsis
213 3255 250 3318 ab
280 3258 377 3335 aliquo
395 3277 521 3329 externe
536 3257 651 3339 objedo
666 3263 932 3338 communicetur,

110 3336 172 3402 sive
199 3339 263 3398 haec
291 3337 344 3400 illo
373 3358 526 3404 momento
543 3339 627 3417 fiat,
654 3362 711 3418 quo
740 3344 869 3407 sensatio
898 3341 933 3402 in

110 3415 205 3480 anima
226 3417 391 3496 excitatur,
410 3419 477 3482 siue
493 3437 582 3486 antea
600 3415 674 3485 salla
696 3417 786 3488 fuerit
808 3421 870 3503 3&
891 3416 931 3482 ibi

110 3517 281 3577 permaneus
307 3495 367 3562 alio
394 3515 524 3579 tempore
552 3498 588 3565 ad
615 3501 764 3568 cerebrum
793 3502 931 3580 perduce-

592 3583 605 3641 1
647 3605 665 3654 4
842 3597 894 3642 tur
