2338 4140
292 257 349 309 τοι
593 229 746 298 Elementa

260 337 329 378 sunt
354 310 501 375 nascitura
520 311 569 374 .si
589 317 733 389 prirnum,
756 311 916 377 innumerae
936 311 1072 390 peribunt

258 395 387 466 animae,
408 411 530 452 ovorum
551 411 672 470 nempe,
693 413 761 467 quae
782 414 838 453 non
860 411 1019 457 nascuntur
1039 393 1070 454 in

256 471 382 540 faeminis
404 470 449 532 vel
459 467 650 549 infaecundis,
674 472 719 536 uel
732 472 861 548 virginali
871 491 953 536 statu
965 473 1072 536 manci·

256 554 348 631 paris.
368 551 396 616 si
417 549 544 614 alterum
565 549 701 630 dicatut;
724 569 809 617 erunt
823 551 1068 632 ergosupetflua,

257 629 461 698 acfrustranea
479 648 526 698 tot
547 652 622 710 ovo,
643 653 709 708 quae
733 634 877 696 nascitura
897 655 958 696 non
980 649 1069 695 sunt..

257 711 388 778 Deinde:
410 709 458 774 vel
479 712 606 774 animata
632 732 686 774 ovo
700 712 1070 790 uitalesmotusexercent,

257 791 304 856 vel
326 813 401 856 non.
423 793 451 854 si
480 793 620 870 primum,
650 792 825 857 evolventur
853 813 922 870 ergo
954 792 1071 856 inclusae
1155 823 1161 830 ·

257 870 430 936 machinuiae
450 872 557 948 absque
577 869 802 940 secundatione
824 873 1022 938 necessitate.
1041 872 1068 936 si

256 951 437 1030 secundum5
461 973 517 1014 non
540 953 646 1018 habent
667 973 734 1030 ergo
754 955 877 1019 animum
889 974 899 1035 3
914 951 1071 1018 cumnulle

257 1032 401 1114 gaudeant
422 1033 503 1096 vita.
601 1053 604 1062 ·
697 1051 700 1058 ·

297 1139 365 1191 252.
386 1114 477 1178 Dices
486 1134 521 1176 eu
544 1111 961 1190 Aiembert0,&VV01phio.
982 1111 1073 1175 initio

258 1197 359 1260 mundi
389 1195 501 1256 creavit
530 1195 614 1255 Deus
641 1196 735 1256 omnia
766 1197 893 1269 germina
924 1197 1070 1268 humana,

257 1275 308 1341 sed
328 1293 442 1353 germen
462 1276 620 1334 numanum
640 1289 676 1334 ex
697 1274 791 1335 anima
812 1271 845 1337 dr
864 1294 981 1349 corpore
1002 1292 1071 1336 con·

257 1375 337 1420 state
363 1355 473 1429 debet,
496 1350 566 1414 alias
596 1370 653 1412 non
681 1371 759 1416 esset
790 1357 972 1432 humanum,
1002 1372 1071 1428 ergo

257 1436 318 1501 dre.
340 1430 455 1498 Deinde
484 1433 565 1507 juxta
595 1437 695 1496 sacras
723 1435 884 1509 scripturas
913 1437 997 1497 Deus
1024 1432 1073 1494 die'

169 1517 171 1524 ’
257 1516 382 1593 septimo
401 1512 515 1587 quient
535 1533 552 1574 a
574 1512 658 1574 rebus
678 1515 828 1594 creandis,
848 1537 886 1579 ex
906 1535 964 1590 quo
995 1509 1070 1575 infe-

255 1611 325 1660 runt
345 1591 484 1667 Theologi
515 1609 592 1668 post·
611 1591 639 1653 id
670 1592 807 1670 temporis
834 1593 943 1657 nuliam
974 1590 1071 1655 habeti

254 1673 375 1751 emplius
396 1672 592 1748 creationem,
615 1673 676 1735 sive
697 1673 909 1749 produdiionem
931 1693 965 1734 ex
992 1672 1071 1754 nihi·
1147 1677 1153 1684 '

257 1756 304 1834 103
327 1773 384 1817 non
403 1769 541 1816 creantur
560 1772 629 1827 ergo
650 1755 756 1814 anirnae
786 1755 814 1814 in
843 1752 920 1816 dice.
952 1755 1071 1814 Revera

256 1835 436 1909 incoeperis
463 1849 529 1900 ortu
560 1831 637 1894 nuile
664 1834 810 1909 contingit
840 1832 969 1908 creatio,
1000 1825 1070 1890 nibil

254 1933 324 1994 ergo
343 1913 428 1977 hodie
446 1929 577 1977 creatur.
600 1911 729 1976 Tandem
752 1913 877 1976 mundus
900 1929 950 1976 est
980 1930 1071 1972 unttm

244 2019 330 2075 ens,
351 1990 497 2059 cui—adeo
518 1992 588 2060 nihil
609 1992 672 2058 addi
692 2011 810 2073 potest,
832 1993 879 2059 uel
898 1988 1071 2058 demissius

254 2082 318 2161 ejus
339 2077 483 2142 essentia,
658 2129 664 2138 .
1051 2147 1058 2164 ·

299 2185 334 2234 ις
342 2179 367 2233 3.
389 2161 429 2224 R.
450 2156 485 2219 ad
509 2159 531 2218 1.
552 2155 643 2220 sicuti
661 2151 788 2220 cadaver
806 2153 932 2220 hominis
954 2147 1074 2216 veredi·

257 2241 337 2304 citur
356 2235 534 2318 humanum,
554 2233 720 2311 quodlicet
741 2237 793 2312 ipsi
824 2237 919 2298 anima
948 2251 1073 2311 praesens

256 2339 316 2382 non
338 2318 398 2394 sit,
420 2316 599 2378 fuit‘tame'n
620 2313 853 2390 aliquandosita
863 2334 990 2391 germen,
1010 2313 1074 2375 sire

254 2393 418 2462 machinula
438 2396 564 2469 hominis
583 2395 619 2456 ab
648 2394 734 2455 initio
763 2393 881 2457 condita
910 2414 978 2457 vere
1007 2406 1074 2457 erat

253 2475 400 2552 bumana,
423 2493 479 2535 non
500 2468 576 2548 quod
591 2473 690 2536 ¹anima
712 2470 788 2537 foret
817 2473 871 2550 ipsi
899 2490 971 2538 tunc
1001 2494 1077 2551 prae·

255 2579 340 2634 sens,
360 2553 410 2620 sed
431 2553 506 2632 quod
520 2551 679 2630 „aliquando
699 2575 825 2632 ptaesens
842 2572 922 2618 esset
944 2551 1045 2617 futura
1065 2588 1076 2607 ·

296 2663 364 2716 254·
387 2641 471 2702 Deus
491 2631 539 2703 die
557 2634 682 2712 septimo
702 2635 846 2713 requievit
867 2657 883 2698 a
906 2633 1075 2698 nosiscon-

256 2718 357 2784 dendis
376 2716 526 2796 genetibus
546 2733 709 2795 creaturae,
731 2738 788 2780 non
817 2732 918 2780 autem
942 2737 962 2778 a
990 2715 1077 2778 novis

255 2800 412 2864 condendis
434 2795 605 2874 individuis,
629 2796 874 2876 sicutiexpiicant
898 2801 938 2860 D.
948 2800 1079 2874 August.

256 2881 269 2953 (
289 2877 338 2944 reb.
361 2906 377 2950 s
411 2885 445 2941 de
465 2883 539 2942 Gen.
555 2876 597 2940 ad
617 2877 668 2942 lin
684 2898 712 2940 n.
735 2903 785 2958 η,
805 2875 883 2940 alias
902 2894 967 2954 cap.
999 2875 1080 2954 12.)

256 2957 290 3026 ἃ
312 2966 351 3025 D.
373 2962 530 3034 Thomas(
554 2983 565 3020 r
590 2976 619 3036 p.
636 2975 669 3038 q.
692 2980 740 3036 73,
760 2981 788 3024 a.
810 2957 889 3033 2,in
910 2957 998 3032 α).-

298 3067 367 3118 255·
389 3039 476 3105 Aliud
496 3055 542 3104 est
563 3036 600 3100 de
617 3057 756 3118 corpore,
792 3035 868 3100 aliud
900 3035 936 3100 de
955 3037 1078 3104 homine

256 3143 418 3186 sermonem
445 3119 568 3182 haberi.
611 3122 644 3180 ln
674 3119 755 3198 primi
784 3115 967 3196 produdione
996 3117 1078 3204 nullia

258 3207 369 3265 creatio
391 3202 443 3278 fit,
463 3199 513 3266 sed
534 3200 610 3264 varia
640 3197 851 3264 elementorum
881 3199 1009 3264 mutatio
1038 3217 1077 3263 ut

256 3282 286 3344 in
307 3283 423 3356 physica
444 3281 591 3358 dicemus,
611 3280 640 3341 in
653 3279 779 3344 ,secundi
802 3301 871 3360 vero
891 3277 1078 3358 produtrione

256 3360 291 3426 fit
311 3363 545 3439 creationnitnae,
564 3379 641 3438 quae,
663 3359 941 3446 utpot'espt'ritualis,
959 3359 1076 3424 nonnisi

256 3463 293 3522 ex
315 3439 403 3504 nihilo
426 3441 503 3518 gigni
524 3455 635 3518 potest.
753 3453 756 3462 ⁴

299 3535 365 3602 25⁶·
386 3521 434 3591 nd
451 3521 607 3594 ultimum:
627 3521 786 3596 concedam
806 3520 959 3604 VVolphio
980 3541 1075 3586 novas

332 3618 337 3638 ·
967 3621 1030 3668 non
