2370 4148
414 303 635 386 Metapbysrcae.
834 298 892 390 27¹3

123 387 260 466 quasdem
279 387 440 450 breviorem
460 388 566 452 lineam
578 392 636 466 pari
660 404 790 468 tempore
810 393 944 459 conficew

123 491 174 544 re,
198 469 241 530 uti
264 489 331 530 vere
352 466 424 529 dille
444 467 579 531 celeritas
600 469 755 546 postulat.
910 473 916 484 '

168 573 236 622 195·
256 551 329 611 lust.
349 546 482 610 exBaelio
503 547 821 624 (titulosirnonides).
839 551 938 616 Sioni-

123 649 169 690 rna
192 649 249 688 non
270 643 315 690 est·
335 627 367 688 in
390 625 469 703 loco,
490 629 550 704 jam
569 629 669 691 nullibi
689 631 765 708 crit;
787 631 823 694 de
843 630 938 708 quoli-

79 724 83 732 “
122 707 172 770 bet
192 707 271 770 enirn
293 707 378 781 spatii
400 703 508 780 puncto
527 705 586 770 dici
608 711 742 788 poterit‚·
772 713 818 774 hic
839 712 937 777 anina

122 809 180 850 non
202 801 266 852 est.
296 787 352 850 Ubi
373 806 441 862 ergo
461 787 537 848 erit?
568 805 649 850 extra
671 790 823 864 spatium?
851 791 938 854 mini·

122 887 169 928 me
189 861 333 942 proferro,
355 864 426 927 olias
446 885 540 940 neque
563 865 643 928 linita
667 865 762 948 foret,
786 891 880 946 neque
901 869 938 936 liv

119 947 244 1018 miratu.
272 949 347 1021 Ergo
376 946 400 1006 si
420 946 546 1022 existit,
577 963 623 1008 est
645 948 674 1008 in
695 945 774 1026 locu,
804 951 935 1026 adeoque

120 1043 254 1104 extensa,
286 1042 353 1088 cum
376 1022 516 1100 quidquid
536 1041 581 1092 est
602 1025 633 1090 iu
656 1025 740 1106 loco,
769 1029 863 1106 spatio
884 1029 939 1096 nli·

120 1127 182 1180 quo
201 1123 470 1169 commensuretur.
928 1151 933 1158 -

164 1200 230 1261 196.
253 1190 292 1250 R.
314 1186 426 1249 nonnisi
449 1205 552 1264 corpus
581 1203 737 1252 extensum
759 1209 840 1264 posse
871 1187 937 1252 loco

118 1268 362 1336 commensurari.
393 1265 492 1344 Hinc,
523 1267 570 1329 ubi
593 1266 630 1330 de
651 1267 822 1346 spiritibus,
852 1289 935 1346 quae-

120 1367 183 1410 rar:
204 1368 274 1429 nunt
295 1347 325 1407 in
348 1343 413 1408 loco
435 1346 529 1424 sint,
555 1369 624 1410 num
646 1364 745 1424 entra,
766 1350 935 1424 reponimus

125 1443 266 1490 neutrum
287 1423 323 1488 de
345 1425 380 1488 iis
401 1423 457 1487 dici
478 1447 581 1506 posse3
603 1427 656 1490 nisi
675 1447 741 1492 esse
760 1428 788 1490 in
810 1426 875 1492 loco
895 1427 940 1492 di-

119 1523 172 1570 cat
194 1504 331 1581 quasdam
353 1504 522 1580 distantiae‚
543 1527 577 1569 tc
601 1507 713 1570 viciniae
733 1505 936 1574 relationesab

126 1585 302 1660 imaginariis
323 1583 492 1664 quibusdam
514 1583 643 1662 finibus,
672 1607 738 1650 nam
770 1592 823 1650 hoc
852 1609 952 1652 sensu,

118 1665 238 1741 spiritus
259 1663 351 1727 etiarn
371 1684 434 1726 esse
455 1665 485 1726 in
507 1665 572 1730 loco
592 1687 651 1728 non
671 1666 853 1742 negabimus.
876 1671 938 1732 Re·

119 1765 187 1806 vera
210 1746 233 1806 si
246 1744 282 1806 ab
292 1742 455 1806 adversario
464 1765 594 1819 quaerasr,
615 1743 795 1822 numpunlla
807 1747 936 1814 Zenonis

116 1824 286 1900 inexteusa,
308 1845 343 1886 ac
359 1823 555 1896 Leibnitianae
565 1822 701 1888 monades
719 1825 778 1890 tint
798 1825 827 1886 in
848 1824 936 1907 loco,

117 1923 170 1964 nec
193 1922 248 1979 ne,
271 1919 427 1978 utrumque
450 1923 554 1980 negare
574 1905 707 1980 debebit,
735 1923 803 1966 cum
824 1920 932 1982 utpote

116 1983 269 2046 inextensa
292 1998 440 2058 nequeant
460 1984 556 2058 spatio
582 1984 828 2079 commensurari³
854 1979 934 2059 quod

48 2076 50 2081 ·
116 2078 165 2126 est
186 2079 248 2124 esse
269 2060 298 2122 in
322 2058 386 2122 loco
402 2105 413 2138 ,
445 2078 479 2124 ut
502 2077 602 2127 autern
634 2063 791 2128 existenda
819 2085 850 2128 tn
870 2084 938 2140 ερατ

116 2142 160 2203 rio
180 2141 259 2204 sint.
282 2143 390 2217 ltaque
411 2161 478 2204 cum
503 2142 657 2220 inquiritur
676 2144 818 2206 unanima
840 2143 868 2206 in
891 2141 934 2206 lo-

121 2241 159 2284 co
187 2221 253 2298 sit,
284 2216 506 2315 contradilloria
527 2239 763 2316 ,proponuntur3
789 2224 933 2302 queritur·

14 2328 38 2354 -1
112 2301 192 2364 enim
214 2321 284 2364 num
306 2317 492 2364 inextensum
511 2320 551 2368 sit
575 2303 606 2366 in
624 2303 813 2382 extensione,
833 2323 933 2378 ruret-¹

114 2397 177 2444 tra.
197 2377 288 2444 Vides
306 2400 374 2457 ergo
395 2377 561 2456 objectionis
582 2385 748 2459 sophisma.
776 2431 780 2436 -

107 2507 110 2514 ,
156 2485 225 2535 ¹97·
247 2465 358 2537 Opp·3.
379 2463 485 2524 Anima
502 2479 547 2526 est
558 2465 641 2528 unita
653 2463 763 2540 corpori
783 2478 932 2540 tamquam

119 2536 231 2617 forma,
261 2543 380 2619 ejusque
400 2541 582 2612 operationes
605 2565 621 2606 a
643 2544 769 2620 corporis
791 2541 930 2606 motioni·

112 2621 164 2686 bus
186 2619 305 2686 omnino
325 2619 508 2697 dependent,
530 2643 582 2698 ego
592 2639 638 2686 est
649 2621 823 2684 materialis.
844 2622 929 2688 Prob.

94 2721 227 2776 ¹conseq.
250 2705 293 2766 Ex
315 2721 373 2776 quo
392 2703 489 2762 anima
510 2701 549 2762 sit
567 2702 684 2777 physice
694 2701 778 2764 unita
799 2701 932 2782 corpori,

112 2796 202 2857 atque
221 2780 257 2843 ab
277 2779 383 2844 eodem
413 2781 440 2840 in
464 2781 689 2852 cogitationibus
712 2779 855 2860 pendeat,
887 2781 932 2844 in-

111 2855 180 2924 ferri
204 2862 376 2925 necessario
396 2857 480 2920 debet
494 2879 557 2926 esse
565 2859 694 2936 aliquam
716 2861 932 2937 proportionem

112 2942 190 3004 inter
210 2943 354 3018 animaru,
375 2935 408 3024 ᾇ
426 2959 547 3018 corpus,
569 2962 602 3004 ac
623 2943 700 3006 inter
720 2939 846 3014 corporis
866 2962 933 3003 mo·

115 3037 183 3097 tue,
204 3017 237 3082 &
256 3023 363 3084 anirnae
383 3019 592 3094 cogitationes.
614 3025 675 3101 lam
696 3040 764 3084 vero
775 3022 924 3094 proportio

111 3115 157 3163 est
179 3097 302 3162 duorum
325 3105 565 3173 homogenenrum
582 3099 739 3164 secundum
749 3096 927 3172 magnitudi-

113 3180 390 3272 nemtcompatetio:
411 3183 587 3258 homogenea
603 3199 702 3246 autern
715 3195 785 3242 sunt
797 3174 925 3256 ejusdem

111 3277 233 3336 speciei.
438 3327 440 3334 y

156 3348 221 3412 198.
242 3341 282 3402 R.
303 3355 397 3402 totum
418 3343 554 3406 unionem
577 3342 681 3405 animae
698 3361 765 3406 cum
787 3359 927 3422 corpore,

108 3419 138 3484 in
158 3441 194 3485 eo
215 3419 302 3484 sitam
320 3439 401 3498 esse,
433 3441 466 3488 ut
489 3423 627 3488 animoa
659 3441 779 3501 corpote
799 3420 927 3496 pendeat

109 3499 138 3562 in
157 3499 311 3577 cogitando
331 3497 364 3564 δι
383 3522 486 3580 corpus
507 3504 542 3567 ab
563 3505 658 3568 anima
685 3506 714 3566 in
746 3500 806 3566 suis
835 3520 924 3591 spon-

111 3583 204 3646 taneis
223 3583 368 3650 motibus.
385 3585 427 3647 Ut
446 3597 558 3729 autentu(1
567 3600 626 3652 stet
639 3587 702 3649 hee
723 3577 919 3664 dependenti&

580 3689 596 3747 5
834 3677 884 3727 ue·
