2338 4140
393 241 619 322 troapissicae.
811 269 867 324 309

102 342 192 390 tetum
214 323 348 403 Apostoli
370 325 571 390 testimonium
591 342 645 391 out
667 323 821 405 singulares
844 347 908 392 tan·

105 425 160 470 tum
181 409 364 483 operationes
377 405 530 482 gentilium
550 409 684 486 respicit,
705 429 775 485 quas
796 409 907 487 ingeni·
1003 479 1006 482 ,

41 540 44 549 ,
103 504 143 550 tas
165 485 400 550 esseCartesiani
423 486 544 566 nolunt,
565 508 617 550 aut
638 490 660 552 si
681 489 799 564 respicit
816 491 906 556 etiam

39 629 40 632 ,
101 567 237 644 generalia
259 585 370 625 motum
388 566 549 646 principia,
578 589 664 644 atquo
685 567 770 630 modo
790 567 824 630 ad
846 591 909 644 pnr-
976 599 988 612 Α

38 645 40 708 j
101 646 228 713 titulatio
245 643 409 720 reducitur,
433 645 800 726 undepotiusrlatonicis‚
820 669 907 724 quam

100 723 277 790 Cartesianis
302 719 437 800 faveret,
468 725 491 787 si
519 725 548 786 in
567 725 795 792 aduersariortun
825 748 911 792 sensu
966 769 971 774 -

97 803 313 882 explicaretur„

139 901 202 953 300·
224 880 486 956 Opngristunt
507 881 535 944 in
558 884 641 946 nobis
663 883 736 948 ideae
758 885 910 954 abstrauae

97 957 130 1025 dr
153 958 430 1038 universalesentis,
448 958 644 1038 substantie,
664 959 908 1044 pulchritudinis,

97 1039 235 1104 bonitatis
254 1037 320 1112 dyc„
348 1039 396 1106 sed
417 1043 464 1102 hae
492 1041 565 1104 ideae
588 1064 644 1104 non
668 1061 788 1118 possunt
808 1065 872 1116 esse
893 1067 910 1113 a

97 1115 247 1196 sensibus,
279 1141 345 1198 ergo
367 1139 435 1184 sunt
457 1121 584 1217 innataef
609 1119 695 1186 Prob
710 1124 784 1186 min.
806 1131 912 1188 Sensus

98 1223 114 1266 a
134 1197 194 1264 solo
213 1199 309 1264 calore
330 1252 338 1280 ‚
370 1221 488 1280 sapore,
517 1223 614 1282 sono,
646 1201 747 1268 colore
764 1201 827 1269 dcc.
848 1203 911 1270 affi-

97 1281 233 1346 ciuntur:
255 1279 303 1344 sed
325 1281 398 1346 ideae
419 1280 572 1348 abstradiae
594 1283 664 1348 nihil
686 1295 841 1350 commune
861 1289 911 1351 lra-

98 1361 184 1504 beni&
196 1382 264 1442 cum
291 1363 371 1429 hisce
400 1361 589 1441 qualitatibus
620 1363 828 1448 sensibilibus,
865 1387 910 1432 ct=

96 1463 132 1520 go
185 1461 211 1505 c.

141 1543 205 1598 30¹·
236 1523 277 1586 R.
305 1521 454 1600 distinguo
481 1523 551 1591 min.
585 1529 630 1590 bae
660 1523 733 1592 ideae
759 1543 911 1606 nequeunt

98 1601 168 1664 oriri
188 1623 206 1666 e
226 1603 356 1670 sensibus
378 1603 564 1684 immediate,
595 1607 738 1671 concedo:
754 1610 909 1687 mediate,

95 1703 169 1759 nego
189 1683 260 1749 min.
281 1680 340 1750 &c
362 1687 506 1773 Quamvis
527 1707 561 1749 ex
592 1685 715 1765 simplici
741 1691 910 1754 sensatione

72 1832 80 1849 ἱ
95 1762 246 1838 singularis
257 1781 373 1828 tantum
383 1783 503 1844 exurgat
513 1765 596 1847 idea,
611 1787 707 1846 potest
717 1787 909 1834 tamenmens

95 1863 115 1905 e
134 1841 261 1916 pluribus
285 1847 419 1919 repetitis
440 1847 630 1922 singularibus
651 1849 740 1926 ideis,
771 1869 840 1924 quas
861 1847 911 1908 ob·

95 1919 175 2001 jedis
204 1921 322 1996 siugulis
343 1925 423 1988 uidet
446 1929 640 2008 convenire,
667 1929 844 2005 generales,
877 1922 911 1988 dc

95 1998 254 2065 abstradias
283 1999 360 2065 ideas
395 2001 447 2066 sibi
467 2003 599 2084 cudere,
630 2029 697 2084 quae
716 2028 816 2072 revera
837 2002 913 2068 nihil

96 2079 173 2144 aliud
196 2095 291 2156 sunt,
324 2083 378 2145 nisi
398 2081 472 2146 ideae
494 2083 621 2160 pluribus
643 2085 761 2164 objedlis
781 2106 912 2150 commu-

95 2182 166 2224 nes.
195 2161 276 2222 Hinc
296 2157 423 2224 infantes
445 2162 571 2226 nondum
592 2187 712 2244 capaces
732 2188 768 2230 ex
788 2163 913 2247 singula·

95 2241 175 2306 ribus
196 2237 232 2302 ad
253 2239 427 2306 universalia
447 2247 672 2329 argumentati,
704 2247 818 2310 nonnisi
853 2247 911 2312 sin·

97 2319 212 2400 gularia
240 2319 347 2400 objecta
376 2343 548 2400 cognoscere
575 2346 708 2404 queunt:
741 2345 843 2392 contra
876 2349 911 2392 ac

94 2403 260 2479 contigeret
289 2403 313 2465 si
343 2404 548 2486 universales,
587 2407 620 2472 dc
648 2409 800 2474 abstraerae
835 2408 911 2473 ideae

95 2506 156 2546 noo
177 2502 196 2544 e
219 2485 327 2548 mentis
357 2485 512 2550 ratiocinio
532 2489 708 2570 penderent,
735 2489 785 2554 sed
813 2487 913 2554 forent

95 2563 258 2640 ingenitae.
288 2562 459 2630 Eari'modo
486 2587 522 2629 ex
549 2569 767 2646 particularibus
796 2564 911 2648 judiciis

95 2641 243 2724 generalia
273 2644 425 2722 paullatim
453 2667 533 2710 mens
572 2649 704 2730 efformat
740 2645 913 2728 indubiionis

96 2741 288 2802 argumento:
311 2727 435 2809 hincque
455 2726 507 2806 fit,
529 2745 563 2794 ut
584 2730 698 2794 nonnisi
719 2729 816 2793 studio
838 2775 848 2808 ‚
878 2749 912 2794 ac

100 2806 199 2870 labore
219 2803 418 2884 rid-generalia
438 2807 574 2886 principio
596 2809 799 2888 procedamus·

140 2908 208 2962 302.
226 2889 299 2966 ΟΡΡ·
322 2914 348 2959 o·
370 2888 437 2952 idea
458 2887 513 2954 Dei
542 2907 587 2953 est
608 2891 770 2955 bominibus
792 2891 911 2968 innata,

96 2964 249 3044 ergo‘doe.
271 2969 353 3032 Prob.
381 2985 476 3032 antec.
507 2967 569 3032 idea
590 2971 646 3048 Dei
677 2990 722 3036 cst
752 2967 814 3035 idea
835 2971 914 3032 entis

93 3046 224 3124 infiniti,
246 3043 279 3110 dr
300 3045 512 3126 persedissimi:
535 3047 584 3114 sed
606 3055 670 3118 haec
691 3049 753 3116 idea
773 3051 913 3128 originem

95 3126 204 3190 habete
225 3129 327 3204 nequit
357 3130 392 3191 ab
425 3129 540 3209 objedlis
569 3133 675 3196 creatis
698 3129 803 3212 ,quae
831 3127 923 3204 finita,

94 3222 187 3284 sunt,
201 3202 447 3286 dc'imperledlo,
469 3231 536 3290 ergo
556 3208 615 3275 dcc.

138 3307 205 3364 303.
230 3288 271 3352 R.
294 3307 368 3363 nego
388 3307 481 3354 antec.
508 3290 544 3353 ad
565 3295 648 3370 cujus
670 3289 745 3368 prob.
766 3290 915 3370 distinguo

94 3369 167 3446 maj·
194 3365 258 3432 idea
279 3371 333 3430 Dei
353 3385 399 3448 est
419 3369 487 3447 idea
507 3373 582 3434 tntis
611 3367 718 3450 infiniti
730 3422 737 3450 ,
771 3374 798 3435 in
821 3375 914 3452 seipsa

95 3467 199 3516 tamen
222 3445 459 3536 imperfella,&
481 3453 635 3530 negativa,
662 3452 789 3522 concedo
806 3473 816 3534 ,¹
832 3517 834 3524 ,
850 3476 914 3532 pct-

94 3527 172 3600 seua
188 3579 204 3612 ,
229 3527 268 3598 ,ἀ
299 3531 457 3615 positiva,
485 3552 558 3613 nego
585 3535 653 3618 maj..
683 3533 742 3606 dcc,
768 3533 910 3680 anntris

822 3633 873 3678 eus
