2338 4140
287 303 290 308 ,
382 219 635 304 metaphysica„
811 241 865 298 343

131 331 199 386 429·
220 309 259 376 R.
280 306 385 370 animae
401 307 569 369 molitiones
598 299 720 382 pendere
750 325 767 368 a
799 301 903 383 judicio

92 390 233 464 rationis,
263 403 352 462 atque
384 385 514 462 consilii,
544 407 602 460 quo
631 403 712 446 mens
741 379 905 462 expendit,

94 493 165 535 num
187 468 251 532 tale
270 465 411 546 obiellum
433 468 499 540 hic,
520 461 553 526 ἃ
575 483 652 527 nunc
663 469 834 544 conveniat,
852 481 906 527 nec

83 573 151 627 ne,
172 547 310 628 judicium
331 565 432 610 autem
453 547 482 608 in
504 559 653 620 potestate
678 546 802 608 hominis
828 560 874 607 est
895 589 906 622 ,

98 649 133 695 ut
156 633 212 709 jam
235 625 361 692 diximus,
376 631 424 706 (n.
445 623 553 700 asp).
580 623 663 686 Falso
690 625 908 701 igitur'obtrus

96 713 140 776 dit
162 705 360 772 Materialista
382 703 538 766 Helvetios
559 703 714 768 volitiones
735 704 908 770 determina·
941 705 945 713 '

7 791 9 798 ’
99 793 122 858 ti
143 790 179 852 ab
202 781 434 861 impressionibus
455 779 620 846 sensiferis.
641 827 646 834 -

33 937 36 941 ,
139 889 207 942 430.
233 869 310 928 inst·
328 885 428 927 omnes
448 864 632 939 operationes
652 866 759 928 aoimae
779 865 827 932 *ab
854 862 911 928 alio

99 945 352 1013 determinamus.
373 949 450 1007 Nam
470 941 545 1006 ideae
566 965 666 1006 omnes
686 962 756 1007 sunt
785 965 801 1010 a
823 944 914 1012 sensi·

99 1031 176 1107 bus,
197 1025 369 1105 judiciorum
390 1029 518 1099 veritas,
536 1021 728 1086 arel-{adsitas
741 1028 849 1090 esrlsb
861 1035 915 1088 w

7 1173 8 1178 ,
97 1131 164 1176 rum
185 1106 316 1170 evidenti
337 1105 538 1180 connexione,
560 1101 607 1166 vel
628 1107 847 1185 repugnantia,
869 1125 915 1170 or-

102 1213 140 1270 go
162 1187 298 1250 noluntas
317 1183 440 1259 seipsam
461 1203 517 1244 non
540 1180 733 1250 determinat.
763 1203 774 1249 ὴ
870 1197 879 1216 ’

127 1291 212 1342 aps.
233 1269 276 1330 R·
294 1261 413 1330 Multas
435 1259 580 1326 sensibiles
609 1263 686 1328 ideas
716 1282 732 1328 a
761 1265 918 1330 voluntate

106 1345 250 1428 pendere,
274 1367 340 1408 curn
361 1345 391 1406 in
411 1346 475 1421 ejus
495 1343 615 1406 arbitrio
634 1345 672 1406 sit
692 1344 846 1425 accedere,
868 1343 917 1412 vel

105 1452 163 1495 non
184 1424 343 1502 accedere,
368 1423 476 1498 videre,
496 1423 546 1485 sel
566 1423 729 1490 nonvidere
750 1423 844 1504 aliqua
855 1447 921 1491 sen-

7 1525 13 1536 '
103 1507 200 1576 sibilia
220 1503 347 1584 objedla,
369 1525 385 1565 a
406 1501 708 1578 quotum‘siturelate
729 1505 919 1572 adsenseum

7 1607 9 1616 '
104 1609 208 1668 organa
241 1583 368 1664 pendent
398 1586 598 1661 impressiones
627 1581 922 1666 sensileraegsaisque¹

108 1665 315 1746 respondentes
335 1663 435 1730 ideaei‘
448 1661 556 1742 ludieia
578 1680 697 1743 autem,
725 1668 750 1732 si
770 1667 920 1734 evidentia

22 1746 25 1752 ’
108 1753 186 1826 sint,
207 1767 289 1814 certe
308 1767 367 1808 non
388 1762 457 1822 sunt
480 1743 626 1808 voluntati
649 1743 751 1810 liberas
776 1763 919 1812 eteorum

107 1827 259 1896 euidentia·
274 1825 354 1888 nobis
375 1820 587 1900 manifestanda
616 1822 782 1903 plerumque
812 1824 920 1904 pendet

109 1935 127 1978 a
147 1906 296 1985 praedicati
318 1926 384 1967 cum
406 1905 532 1982 subjeeo
553 1907 786 1982 comparatione,
808 1925 925 1970 eorum·

107 2008 164 2066 que
184 1985 317 2064 penitiori
335 1983 583 2059 consideratione,
607 2003 671 2058 quse
692 1987 800 2062 mentis
819 2005 921 2064 opera·

110 2071 204 2134 tiones
223 2066 256 2128 iu
278 2063 438 2138 voluptatis
457 2061 576 2126 arbitrio
594 2066 661 2128 sitae
681 2082 773 2129 sunt.

87 2172 91 2175 ·
151 2167 219 2220 432.
244 2148 317 2209 inst.
337 2143 517 2220 Volitiones3
546 2139 579 2204 δι
608 2143 763 2210 politiones
795 2143 924 2224 pendent

109 2228 146 2294 ab
170 2223 421 2300 inclinationibus,
441 2219 474 2288 dc
493 2220 749 2288 declinationibus:
766 2229 817 2289 liae
836 2225 923 2303 erigis

8 2309 29 2352 *⁸
110 2329 178 2372 nem
199 2307 313 2378 habent
326 2304 364 2368 ab
386 2302 637 2381 impressionibus:
657 2305 857 2383 impressiones
871 2325 924 2370 au·

46 2453 48 2457 ,
111 2405 173 2454 tem
196 2385 232 2450 ab
253 2383 366 2448 ¹adlione
388 2401 574 2448 externorum
597 2383 791 2468 objedlorum,
811 2410 826 2451 a
848 2404 925 2452 tem·

31 2516 39 2527 ,
112 2468 198 2543 ¹peric
218 2464 361 2541 corporis,
382 2465 526 2542 animique
545 2467 770 2548 constitutione3
790 2465 927 2547 sedobje-

104 2545 226 2612 ‘eorum
248 2541 386 2623 adilones,
406 2547 558 2623 temperies
577 2549 721 2624 corporis,
743 2547 921 2611 constitutio

115 2627 203 2692 animi
212 2641 281 2689 sunt
303 2625 384 2688 nobis
393 2626 564 2702 necessaria,
582 2645 651 2702 ergo
665 2625 755 2689 etiam
766 2625 928 2704 impressio·

114 2727 166 2772 nes
188 2706 223 2773 ab
244 2705 287 2768 his
309 2703 493 2782 prodeuntes,
515 2701 644 2780 adeoque
663 2705 928 2772 etiaminclinatio·

114 2808 180 2864 nes,
200 2808 235 2852 ac
255 2783 480 2863 declinationes,
509 2783 741 2860 impressionibus
768 2787 929 2865 proportio-

115 2866 215 2944 nales,
234 2887 268 2930 ac
287 2882 501 2941 consequenter
521 2862 686 2945 volitiones,
706 2867 925 2930 acnoliriooes.

156 2967 224 3022 433.
247 2951 286 3012 R.
297 2947 412 3012 Mentis
424 2944 587 3022 volitiones,
608 2966 643 3010 ac
663 2946 819 3010 politiones
829 2949 871 3010 ita
892 2947 929 3012 ab

117 3026 374 3105 inclinationibus,
395 3023 685 3090 &declinationibus
704 3025 847 3102 pendere,
867 3025 930 3092 sire

114 3105 158 3177 ita
178 3104 366 3170 determinari
387 3128 413 3169 a·
427 3107 522 3183 bono,
541 3125 576 3168 ac
599 3104 676 3169 malo
701 3104 869 3183 objediiro,
891 3122 929 3170 ut

118 3183 171 3262 ipsi
192 3204 306 3260 semper
328 3181 451 3251 facultas
479 3186 603 3261 supersit
631 3182 815 3250 consultandi
833 3204 928 3264 supet

117 3264 186 3342 ipsis
207 3263 310 3340 bonis,
331 3261 364 3328 dt
385 3265 490 3343 malis,
512 3285 546 3330 ac
575 3266 605 3328 in
635 3261 783 3341 quodlibet
812 3263 931 3334 libuerit

117 3341 379 3409 considerationem
400 3343 546 3422 fingendi,
569 3345 640 3410 vela
658 3342 929 3422 quolibetanimum

117 3423 291 3501 revocandi,
314 3425 343 3486 in
364 3447 420 3503 qua
441 3421 584 3490 facultate
604 3427 715 3505 proprie
735 3427 792 3492 sita
820 3443 866 3492 est
887 3426 932 3487 in-

119 3502 294 3574 dillereutiae
325 3502 459 3574 libertas.
488 3506 534 3650 iic
562 3507 697 3582 quamvis
725 3523 829 3586 aperto
857 3523 929 3568 sano

559 3609 578 3658 ⁴
823 3601 893 3644 ocu-
