2370 4148
271 253 331 300 200
575 223 731 292 Elemenil
836 298 840 310 ,
978 279 980 284 ,

156 366 159 370 .
232 326 285 378 tut
305 309 391 378 modo
410 308 477 374 aiibi
495 307 664 388 explicando
685 327 694 384 ς
725 305 935 385 sempeeeum
956 328 1061 376 netum

222 411 297 468 est,
320 391 537 470 impressionem
560 391 598 452 ab
618 404 743 452 externo
761 401 881 464 corpote
901 384 994 452 ¹fuisse
1014 393 1062 454 in·

233 471 360 536 uiuam.
383 471 464 534 Hinc
484 468 694 546 intelligimus,
717 468 945 545 somniantium,
966 483 1071 545 atque·

230 553 321 615 etiam
344 549 529 628 vigilantium
549 549 749 625 sensationes,
777 568 845 610 cum
875 547 986 611 nullum
1008 553 1062 614 ha«

231 631 316 694 betur
338 629 488 708 impellens
508 627 668 708 objectum,
683 627 720 721 alp
739 645 862 692 externo
884 647 981 692 tamen
1004 628 1059 693 ina·

227 714 342 790 pulsu,
364 711 414 788 qui
434 707 586 789 aliquando
607 707 697 773 fanus
718 703 827 788 fuerit,
847 711 988 787 originem
1005 709 1060 774 du·

230 811 313 860 cere.
1018 835 1022 848 .

271 885 344 946 205„
374 873 548 936 Amentium
578 891 648 934 vero
676 869 857 934 sensationes
878 871 959 935 nob'u
982 871 1063 950 obji-

232 949 347 1015 ciendae
370 973 427 1015 non
449 969 546 1030 sunt,
574 949 644 1013 alias
665 971 717 1028 nec
737 947 774 1012 de
792 948 941 1014 evidentia
965 956 1060 1016 tatio.

228 1031 278 1109 nis
311 1032 385 1095 certi
412 1052 569 1102 essemus,
599 1051 667 1094 cum
689 1035 761 1093 hanc
782 1031 873 1094 etiam
894 1032 985 1096 insani
1005 1036 1060 1096 ho-

229 1113 325 1175 mines
355 1111 498 1176 erroribus
526 1111 717 1190 permisceant
742 1155 750 1170 .
781 1115 885 1188 ltaque
917 1134 975 1174 non
1005 1115 1061 1175 mi-

225 1186 300 1262 ·'tum
323 1239 336 1268 ,
363 1193 391 1254 si·
415 1191 508 1254 insani
537 1192 667 1253 homines
688 1189 774 1252 retiae
796 1191 917 1256 tationis
937 1193 1059 1257 criterio

233 1269 374 1335 destituti
396 1303 406 1352 ·,
433 1271 525 1330 varias
545 1269 747 1332 tentationum
768 1265 878 1348 ideas,
906 1293 976 1348 quas
1007 1295 1056 1338 ac·

232 1352 395 1426 quisierunt
422 1370 473 1426 por
496 1367 630 1412 externas
654 1344 820 1414 affectiones
840 1352 868 1413 in
892 1372 991 1415 eorum
1011 1375 1058 1416 or-

231 1431 312 1506 ganis
333 1425 421 1494 fatias
441 1429 599 1508 ,invicem
620 1423 825 1512 confundant,
845 1453 880 1496 ac
906 1434 1060 1498 chimae'tas

233 1508 407 1574 efforment.
658 1555 660 1560 -

271 1603 341 1653 226.
364 1589 441 1652 inst.
468 1611 503 1655 ex
531 1587 632 1659 eodem
654 1592 901 1658 Maiebranchio.
929 1593 1057 1660 Videtur
1125 1605 1146 1671 j
1176 1613 1178 1624 ·

231 1665 437 1748 impossibiie,
458 1689 577 1747 corpora
599 1717 609 1746 ,
631 1693 697 1748 quae
721 1695 777 1735 non
800 1689 919 1748 possunt
940 1693 972 1737 se
991 1697 1056 1736 nuo·

230 1763 299 1892 ἔξω
319 1799 328 1835 ,
350 1771 432 1832 posse
455 1769 551 1816 tamen
573 1770 689 1816 movere
710 1773 812 1818 seusus
834 1769 965 1830 nostros,
984 1774 1055 1832 ergo

253 1847 290 1893 Ὦ
411 1855 412 1858 ,

270 1915 531 1992 207.R.Corpora,
554 1933 620 1991 quan
644 1935 750 1992 organa
770 1914 896 1980 sensoria
917 1932 1053 1994 amovent,

225 1987 260 2060 jd
281 2009 420 2068 praestare
441 2015 498 2054 non
520 2015 570 2071 pet
590 1996 649 2058 vim
668 1997 738 2074 ipsis
758 1997 901 2074 innatam,
930 1993 980 2058 sed
1002 2011 1055 2071 per

230 2073 290 2132 vim
311 2073 345 2136 ab
366 2073 430 2136 aliis
451 2075 615 2150 corporibus
634 2093 787 2152 acceptam
818 2079 900 2156 juxta
922 2075 1054 2139 immoia·

229 2149 302 2216 biles
322 2169 438 2216 naturae
460 2153 552 2230 leges:
573 2154 614 2217 sic
634 2156 719 2218 video
737 2177 841 2232 corpus
859 2155 1023 2219 coloratum
1043 2191 1054 2234 ·,
1106 2210 1108 2214 .

62 2283 64 2287 .
158 2295 162 2300 ,
230 2247 376 2304 quatenus
395 2233 481 2292 luxa
503 2232 568 2294 Sole
587 2233 615 2290 in
637 2234 731 2306 ipsum
754 2233 862 2307 illapsa,
885 2236 966 2308 juxta
990 2255 1054 2293 mo.-

228 2321 280 2368 tus
298 2309 399 2368 reflexi
421 2310 497 2383 leges
516 2309 545 2370 in
568 2328 648 2368 meos
669 2309 770 2370 oculos
789 2311 944 2382 impingit,·
965 2306 1054 2372 audio

229 2403 331 2446 nonunt
353 2432 361 2458 ,
382 2402 525 2458 quotenus
545 2402 806 2458 sonorum·corpus
827 2403 993 2458 percussum
1015 2389 1052 2451 ab

228 2464 393 2526 extrinseca
416 2463 444 2523 vi
465 2480 621 2524 tremorem
641 2462 806 2540 concipit,
837 2461 919 2525 illum
951 2465 1050 2530 vicino

220 2543 289 2606 ‘aeri
310 2541 506 2625 communicat
528 2590 537 2619 ,
557 2563 575 2604 a
594 2539 708 2617 quoad
729 2539 849 2606 auditus
872 2564 979 2619 organa
998 2543 1050 2609 de·

229 2620 339 2686 fatur..
361 2623 468 2686 Similia
488 2621 565 2684 dicas
583 2620 624 2685 de
644 2619 707 2686 aliis
724 2623 957 2702 -sensationibus,
979 2647 1050 2706 qua7

177 2697 184 2740 ‘³
230 2724 296 2764 runa
316 2723 411 2764 caussa
431 2703 461 2765 in
481 2702 609 2778 physicte
630 2700 756 2766 decursu
777 2700 883 2766 clarius
905 2703 1017 2782 patebit
1041 2753 1052 2770 .

257 2789 337 2862 ,20⁸·
360 2788 435 2858 opp.
456 2807 483 2848 z.
506 2784 615 2846 Incerti
636 2781 719 2858 plane
737 2805 838 2846 sumus
860 2805 898 2848 an
919 2787 1047 2849 sensoria

227 2880 332 2935 organa
350 2861 388 2924 ab
407 2863 537 2926 externis
558 2862 673 2944 objeuis
693 2883 868 2928 moveantur
882 2888 898 2940 ·,
919 2885 955 2928 an
981 2885 1053 2928 vero

228 2946 337 3006 a'Doo
355 2991 363 3019 ,
383 2945 433 3020 qui
455 2942 584 3008 omnibus
604 2945 655 3007 dat
674 2964 755 3020 esso,
783 2943 854 3021 'ergo
876 2943 934 3008 &o
965 2945 1055 3022 Proh,

157 3088 162 3092 ,
228 3041 324 3088 antec.
346 3023 373 3085 si
394 3023 462 3100 quid
482 3028 557 3088 hanc
583 3023 820 3088 incertitudinem
831 3021 962 3099 tolleret,
982 3045 1051 3099 pro·
1125 3031 1128 3038 “

187 3111 192 3115 “
228 3100 305 3164 fedo
322 3121 400 3168 essot
421 3124 535 3167 summo
551 3106 695 3168 veracitas
717 3104 783 3167 Dei:
805 3103 817 3178 (
841 3121 869 3166 n.
891 3117 948 3174 29⁶
973 3101 985 3178 )
1016 3121 1049 3168 at

229 3186 295 3243 haec
318 3184 387 3246 nihil
410 3186 506 3248 obstat
530 3234 539 3261 ,
559 3185 719 3262 siquid-em,
742 3183 836 3257 iuquit
856 3181 992 3264 Baeiius,
1022 3185 1049 3246 si

228 3265 314 3324 Deus
334 3263 432 3327 auctor
450 3266 552 3328 errotis
575 3287 634 3327 non
653 3279 719 3339 est,
737 3261 1048 3337 quamvis‘omnesho-
1070 3317 1072 3322 .

230 3345 341 3422 mines,
362 3347 459 3420 paucis
479 3346 628 3422 exceptis,
647 3344 684 3406 ab
707 3341 794 3404 initio
813 3341 912 3404 mundi
933 3339 969 3405 ad·
989 3345 1052 3405 haec

123 3482 127 3494 ,
231 3445 322 3501 usque
351 3441 483 3500 tempora
512 3423 687 3488 crediderint
724 3441 843 3498 corpora
872 3443 936 3486 esse
966 3422 997 3482 in
1028 3443 1059 3484 se

198 3505 202 3511 ’
232 3507 390 3584 caint-uto'³
414 3524 550 3583 sonora,
580 3501 683 3582 frigida
712 3497 772 3567 ἃς.
799 3499 859 3580 pati
891 3499 976 3566 modo
997 3520 1061 3589 ‚non

568 3598 570 3602 ¹
964 3593 1022 3639 ent
