2370 4148
453 229 641 369 dogicae.
725 319 736 352 τ
835 277 902 340 ‘roy

116 419 354 494 PROPOElTIO
375 427 413 488 ΙΙ.
433 425 469 485 In
489 419 575 486 rebus
595 415 781 484 sensibilibus
795 421 953 490 tridentin⁴

165 520 307 566 sensuum
326 519 371 568 est
390 506 537 584 optimum
557 501 696 564 veritatis
723 503 891 567 criterium.

929 593 934 621 l

109 683 229 753 χιᾳς.
250 657 413 727 Probatur·
430 669 573 728 sensuum
589 663 755 724 nosti'o'riim
778 681 940 742 organaut·

117 760 190 820 pote
214 763 368 822 corporee,
389 765 423 808 ac
444 739 639 816 neccessario,
660 740 723 803 solo
744 743 821 808 teliu
837 746 873 809 ab
888 769 940 811 eu·

120 823 246 885 trinseco
267 840 439 901 moventur,
458 841 528 896 ergo
549 817 708 906 quotieeub
724 827 940 906 externisobie·
992 889 995 896 ,

117 899 170 964 ctis
191 901 311 982 vivide,
341 919 529 975 constanter,
550 921 583 961 ac
606 899 789 964 unilormiter
808 902 939 970 afficiun-

117 997 186 1058 tur,
209 985 271 1046 haec
294 983 433 1046 sensibilis
449 978 600 1044 evidentia
616 979 758 1054 optimum
767 983 822 1045 erit
846 986 881 1048 de
891 1009 940 1050 ve·

115 1059 255 1124 titatibus
264 1081 346 1126 extro
355 1083 407 1126 nos
417 1062 517 1139 positis
526 1059 693 1124 criterium.
710 1061 939 1140 recommen-

117 1141 179 1204 tia.
199 1146 276 1206 Cum
287 1143 515 1221 sapientissimus
537 1137 635 1202 mundi
645 1137 742 1201 audior
753 1143 939 1211 Deusomui'u

115 1223 248 1296 posuerit
270 1224 299 1286 in
321 1222 466 1301 pondere,
489 1241 626 1298 numero,
646 1236 681 1282 ac
700 1240 854 1304 mensuit,
875 1229 938 1292 sive

117 1301 298 1366 invariabiles
329 1301 466 1380 quaedam
484 1298 677 1364 constituerit
698 1298 776 1378 leges
805 1321 938 1387 naturae,

113 1381 220 1456 quibus
234 1384 401 1458 perenniter
420 1399 538 1459 regatur
558 1380 683 1442 universi
705 1383 856 1446 machina:
875 1409 938 1463 pro-

119 1459 196 1524 fecto
215 1464 332 1538 quoties
353 1463 444 1526 nostrl
465 1481 566 1524 sensus
596 1458 720 1538 vivide,
749 1481 938 1546 constanter,

85 1592 100 1612 e
117 1561 156 1608 uc
187 1538 374 1605 uniformiter
401 1543 436 1605 ab
464 1540 592 1606 externis
613 1537 730 1617 objellis
750 1540 938 1626 alliciuntur,

16 1677 25 1692 ,
117 1623 311 1696 phoenomena
342 1625 501 1700 sentiunt,
531 1641 565 1682 ac
582 1617 700 1683 effeetus
724 1621 862 1698 praedillis
895 1628 942 1689 iu-

117 1701 305 1764 variabilibus
326 1720 441 1767 naturae
461 1699 572 1780 legibus
592 1698 773 1780 conformes,
805 1701 936 1782 adeoque

117 1780 149 1842 in
169 1781 205 1844 iis
225 1782 347 1846 minime
367 1782 461 1859 decipi
481 1782 555 1845 certi
576 1800 690 1844 suntus:
712 1787 780 1858 er'go
801 1801 938 1860 sensuum

118 1857 265 1924 evidentia
287 1864 316 1923 in
337 1864 488 1939 externis,
508 1881 543 1924 ec
560 1861 706 1936 corporeis
726 1857 843 1938 objellis
863 1863 937 1943 diju-

115 1935 267 2016 dicandis,
289 1942 432 2020 optimum
453 1943 509 2007 erit
530 1941 664 2002 veritatis
684 1940 850 2004 criterium.

114 2023 117 2026 ’
162 2031 228 2094 196.
251 2023 290 2082 Et
312 2039 381 2084 sane
401 2022 424 2082 si
446 2039 584 2083 sensuum
602 2016 750 2082 evidentia
781 2041 832 2083 nos
860 2020 938 2087 deci-

39 2121 41 2126 ·
98 2098 100 2105 ’
119 2117 228 2176 peret,
249 2099 296 2160 ubi
317 2098 353 2163 de
370 2100 501 2163 externis
522 2095 638 2174 objellis
660 2097 839 2178 judicamus,
863 2111 934 2180 pree-

111 2177 200 2256 ‘cipue
221 2176 314 2255 quoad
332 2193 435 2243 eorum
466 2177 670 2254 existentiam,
700 2177 875 2260 qualitates,
903 2180 936 2248 dc

117 2258 295 2338 relatione53
320 2263 378 2338 jam
399 2261 450 2322 hic
463 2277 542 2323 error
571 2253 648 2320 foret
677 2261 743 2321 Deo
774 2258 936 2329 adscriben-

113 2336 190 2414 dus,
212 2339 261 2414 qui
283 2359 383 2401 sensus
404 2337 484 2400 nobis
513 2335 660 2398 tribuisset
683 2355 821 2410 perpetuo
855 2339 936 2404 falla'-

111 2439 184 2482 ces:
203 2416 252 2482 sed
272 2417 420 2481 evidentia
441 2416 562 2480 rationis
570 2413 699 2478 ostendit
709 2415 936 2484 Deumdmum-

116 2518 164 2562 me
185 2497 308 2578 bonum,
327 2494 363 2562 ἀ
384 2517 496 2562 summe
516 2512 648 2557 veracem
678 2515 763 2576 esse,
792 2500 842 2562 cui
871 2521 935 2578 pro-

113 2575 181 2645 inde
203 2599 260 2641 non
288 2579 384 2642 minus
411 2592 551 2655 repugnat
578 2573 615 2636 ud
644 2576 754 2639 malum
782 2599 869 2656 quam
898 2579 935 2644 a‘d

111 2674 265 2740 perpetum
294 2678 420 2723 errorem
452 2676 503 2720 nos
532 2652 706 2734 impellere,
735 2657 782 2719 vel
810 2658 935 2740 elicere,

110 2761 181 2819 ergo
202 2735 277 2804 certi
298 2757 397 2802 sumus
417 2737 462 2802 de.
475 2752 612 2798 sensuum
631 2736 796 2802 evidentia.

389 2887 506 2972 datisfit
524 2867 676 2974 obiellis,v

154 3081 222 3136 ¹⁹7·
241 3065 314 3137 opp.
341 3081 364 3120 r.
386 3078 422 3122 ex
444 3051 665 3120 Malebranchio
686 3053 736 3128 (l.
766 3053 800 3118 de
823 3055 931 3138 inquii.

110 3137 206 3198 veru.
225 3137 238 3211 )
258 3147 366 3202 Sensus
384 3155 487 3201 omnes
507 3135 649 3198 continuo
674 3133 824 3210 decipiunt
855 3139 932 3217 noel

111 3227 179 3290 ergo
198 3212 259 3283 dcc.
279 3222 386 3283 Antec.
416 3216 554 3296 probatur
574 3215 611 3282 ab
631 3213 805 3282 A'duersatio
835 3214 933 3296 singli-

109 3295 205 3358 lorum
235 3317 370 3360 sensuum
399 3296 540 3362 instituto
561 3298 719 3362 examine.
741 3295 861 3365 Initium
891 3299 931 3363 sit

109 3375 147 3440 ab
167 3373 275 3439 oculis:
298 3377 327 3439 hi
345 3376 492 3456 decipiunt
514 3401 565 3442 nos
587 3381 663 3442 circa
693 3375 803 3442 reruni
819 3379 932 3456 magni-

109 3453 262 3534 tudinem,
278 3458 524 3522 cumanimacula
542 3459 730 3540 tenuissima,
752 3477 837 3522 arent
854 3458 929 3520 mul-

101 3539 141 3602 ²ta
162 3536 338 3620 subtiliora,
359 3536 472 3616 aliaque
486 3540 613 3682 1minimo
628 3537 801 3618 'corpuscula
822 3539 928 3632 micro·

294 3659 307 3690 t
542 3641 560 3682 2
743 3649 761 3702 ‘.
799 3634 890 3694 scopu
