2370 4148
300 307 302 314 Ι
327 255 386 311 272
598 305 601 312 ι
635 225 816 293 ΕῙθΜθηΜ

283 317 362 383 enirn
383 321 450 386 qna
471 309 578 372 Romae
597 323 663 386 est,
685 329 769 395 agere
790 323 889 383 potest
911 308 939 372 in
966 319 1097 392 oorpur'‚

284 391 360 482 qnod
380 406 427 454 est
445 385 650 465 Mediolani),
671 386 798 464 proiesso
817 387 887 454 dum
907 413 1007 468 corpus
1036 399 1097 456 n'to·

281 490 388 550 uetur,
408 466 442 532 &
462 468 525 546 ipsa
551 467 647 530 anima
677 465 760 530 locali
791 485 875 533 motu
904 470 1098 536 transfertur.

280 553 402 626 Revera
423 547 476 610 nisi
500 547 594 610 anima
614 567 632 609 e
652 545 717 614 loco
737 567 923 630 moveretur,
944 571 1099 628 numquam
1147 613 1151 618 .

282 634 376 702 exiret
396 633 571 706 e'corpore,
594 646 688 702 neque
708 646 805 705 posset
828 629 863 692 ab
884 631 949 706 ipso¹
966 634 1100 709 separari.

286 717 403 782 Rursus
429 709 525 770 anima
554 723 600 770 est
627 705 683 770 fixa
714 709 764 769 uni
792 707 986 773 determinato
1014 711 1100 792 loco,

284 789 474 867 nequeenim
494 803 541 848 est
561 786 687 866 ubique,
707 807 776 864 ergo
795 807 949 853 movetur.
971 789 1100 853 Tandem

284 873 358 948 ipsae
377 866 571 944 cogitationes
591 883 766 945 moventur,
787 889 852 931 cum
875 889 932 930 una
962 871 1102 945 cogitatio

285 954 325 1022 eit
347 948 401 1012 alia
421 946 560 1024 celerior,
581 947 626 1010 uti
648 945 804 1018 noodocet
825 950 1028 1028 experientia:
1052 971 1101 1013 ce·

286 1030 387 1098 inritas
407 1044 508 1091 autern
525 1043 574 1090 est
596 1043 694 1087 motus
713 1024 843 1090 affessio.
1103 1038 1109 1048 '

293 1134 296 1142 ·
331 1131 396 1186 ¹⁹3·
420 1111 460 1170 R.
479 1103 609 1182 negando
628 1106 696 1166 min.
717 1107 786 1167 Non
805 1106 886 1168 enim
913 1111 1023 1172 moveri
1054 1131 1105 1187 po-

288 1207 368 1269 test,
390 1184 466 1262 quod
486 1205 543 1246 non
563 1200 609 1246 est
629 1184 657 1244 in
682 1181 764 1258 loco,
784 1187 969 1248 commoveri
990 1189 1104 1252 siemu-

287 1287 352 1339 tane
372 1267 485 1328 locum:
505 1279 539 1324 nt
561 1261 678 1340 anima5
698 1261 816 1325 acaliud
837 1263 1101 1342 quodcunqueens

290 1345 410 1425 simplex
430 1345 460 1404 in
481 1340 545 1404 loco
567 1362 626 1401 non
646 1357 713 1418 est3
735 1361 800 1406 nam
820 1363 883 1407 esse
904 1345 933 1406 in
964 1344 1029 1409 loeo
1050 1349 1107 1410 im»

287 1440 386 1522 portat
406 1419 537 1484 ordinem
556 1421 670 1484 extensi
691 1421 730 1484 ad
746 1437 903 1486 coextensa
912 1425 1105 1504 simultanea‚

288 1505 380 1582 agitur
398 1502 493 1564 anima
514 1503 617 1576 nequit
631 1501 822 1566 moverique
842 1502 944 1578 itaque
963 1505 1108 1582 intelliga-

288 1579 508 1658 musquomodo
517 1581 612 1642 anima
632 1580 788 1644 abunoad
799 1580 887 1644 alium
896 1581 991 1647 locum
1010 1587 1107 1648 'trans-

287 1659 358 1728 ferri
379 1659 534 1738 videatur,·
549 1657 625 1722 illud·
641 1660 832 1723 statuendum
860 1662 888 1723 in
911 1664 1007 1738 primis
1039 1677 1108 1726 est:

288 1743 416 1808 enimam
433 1761 497 1808 esee
516 1739 629 1816 corpori
656 1739 842 1821 copulatam,
873 1761 930 1802 non
958 1758 1109 1818 quatenus

289 1824 384 1901 mum
405 1834 528 1900 tangat,
548 1817 602 1886 sect
617 1837 763 1902 quatenus¹
785 1821 883 1883 anima
909 1831 1046 1898 operatut‘
1076 1823 1111 1883 in

290 1922 414 1980 corpus,
432 1902 483 1965 cui
501 1919 630 1978 praesens
648 1916 712 1965 est.
734 1903 813 1963 Cum
834 1919 919 1977 porro
947 1921 1054 1978 corpus·
1076 1902 1110 1963 in

290 1982 358 2050 toco
377 1995 550 2056 moveatur,
571 1981 637 2042 hinc
659 1999 785 2054 praesens
806 1980 905 2042 anima
928 2001 1041 2058 semper
1059 1995 1109 2044 est

289 2063 402 2142 turpari
421 2079 453 2124 se
473 2059 625 2138 moventi,
653 2058 723 2122 licet
753 2061 813 2136 ipsa
840 2060 960 2124 minime
989 2081 1110 2124 movea-

291 2159 360 2209 tur.
381 2141 474 2218 Igitur
494 2138 653 2218 putandum
677 2159 739 2201 non
753 2156 801 2202 est
820 2139 948 2204 animam
969 2141 997 2202 in
1008 2161 1109 2218 corpo-

239 2247 240 2250 ’
289 2241 324 2288 κ
342 2220 506 2297 confinem,
526 2219 573 2282 uti
594 2219 693 2280 vinum
714 2219 747 2279 in
764 2217 858 2297 dolio,
881 2219 927 2281 vel
955 2237 1051 2283 rotam
1072 2221 1106 2284 in

289 2299 458 2380 horologio,
478 2296 530 2362 sed
548 2297 599 2374 ipsi
621 2298 840 2376 tantummodo,
872 2296 1040 2375 &quidem
1063 2321 1109 2362 so·
1150 2304 1165 2334 ³

287 2377 316 2451 ii
330 2380 454 2440 cerebro
467 2391 713 2450 essepraesentem
734 2397 784 2452 per
804 2394 939 2442 mutuam
950 2380 1110 2455 quamdam

291 2474 452 2532 motuum,
472 2475 507 2517 ac
526 2454 739 2529 cogitationum
769 2453 1013 2535 dependentium,
1042 2477 1110 2532 quat

293 2535 489 2613 dependentia
511 2533 612 2597 statim
633 2555 666 2596 ac
686 2537 907 2612 interrumpitur
927 2559 977 2616 per
996 2539 1115 2601 vitium

289 2619 436 2687 machina·
457 2613 603 2692 torporis,
624 2615 748 2678 moritur
769 2619 873 2695 homo,
896 2619 1116 2694 nonq'uatenus

292 2699 390 2764 anima·
409 2717 426 2760 e
445 2714 563 2772 corpore
593 2713 696 2782 exeat«,
725 2692 775 2760 uti
796 2697 849 2760 'aer
877 2717 895 2760 e
923 2697 1113 2774 pulmonibus

246 2799 247 2803 ’
293 2779 356 2842 etit
376 2797 425 2852 pet
444 2773 683 2854 respirationem
702 2775 903 2853 sedquatenus
920 2793 1015 2842 cessat
1031 2797 1116 2840 com-

292 2856 392 2922 mercii
412 2855 478 2932 lex,
499 2871 589 2931 atque
609 2856 705 2918 anima
727 2878 835 2918 novum
866 2859 992 2931 acquirit
1020 2856 1118 2935 perci·

261 3011 264 3018 ⁴
290 2935 387 3020 piendi
409 2933 546 3012 modum,
566 2955 624 2995 non
646 2955 714 2998 vero
735 2955 844 2997 novum
865 2934 979 2999 locum.

336 3041 402 3092 194.
423 3020 524 3092 atque
547 3015 614 3076 hinc
634 3031 717 3091 patet
737 3015 892 3090 improprio
913 3035 999 3080 sensu
1028 3015 1114 3092 cogi·-

292 3098 433 3180 tation'es.
444 3093 544 3160 vocari
561 3092 689 3169 celereu,
711 3111 812 3172 nempe
831 3091 899 3158 eum
917 3115 1038 3158 nurnero
1049 3096 1115 3174 plu-

294 3197 363 3254 res,
386 3197 421 3240 ae
441 3175 576 3240 clariores
596 3174 671 3235 circa
694 3171 767 3235 idem
797 3172 938 3252 objectum
966 3175 1019 3237 sibi
1046 3195 1116 3238 sue*

294 3253 420 3332 cedunt,
441 3255 506 3317 lato
524 3250 649 3328 quodam
668 3270 756 3314 sensu.
775 3251 947 3333 celeriores,
969 3251 1046 3318 idest
1070 3257 1117 3318 ui·

293 3333 437 3410 vidiotes,
457 3331 490 3395 ἀ
509 3330 643 3394 clariores
672 3350 831 3398 vocantur.
863 3339 906 3400 ita
937 3351 1018 3397 certe
1046 3355 1118 3398 sen·

294 3411 372 3477 tiunt
394 3413 486 3474 etiarn
506 3407 707 3473 materialistae
728 3433 800 3490 opus
820 3429 884 3492 est3
912 3433 1006 3490 neque
1031 3415 1120 3477 enim

292 3491 403 3584 percipi
423 3506 522 3578 potest
543 3486 681 3570 quasdam
709 3491 908 3572 cogitationes.
931 3493 1130 3574 longiorem,b
1157 3573 1160 3580 1

988 3587 1075 3654 quun
