2338 4140
264 302 321 365 326
561 285 739 356 Elemtttu'·
857 361 860 368 ¹

223 391 280 451 quo
299 366 423 434 essentia
450 414 459 444 ,
485 387 519 435 ac
540 368 702 432 existentia¹
715 363 842 446 cnjusnis
864 363 1040 433 teieteatae

222 469 291 519 sunt
312 447 547 526 participationes
568 445 676 510 divinat
685 447 841 523 essentiae,
864 448 1036 510 acexisten·

223 532 275 600 tiar
299 547 310 606 ,⁶
340 530 368 592 in
389 530 491 604 quihus
523 546 621 596 tarnen
643 545 786 591 creaturae
805 547 907 589 omnes
927 549 944 592 a
966 530 1036 590 Deo

222 607 424 687 perfectissime
446 605 625 684 dependent.
650 610 765 672 Revera
777 607 908 684 potentia
930 609 1032 672 isthaec

222 687 281 758 fuit
303 689 409 751 animae
430 711 447 755 a
468 693 534 752 Deo
555 688 674 750 omnino
702 687 789 755 libere
808 707 967 764 concessa,
995 687 1033 749 ah

221 761 289 846 ipso·
303 767 497 834 indesinenter
528 784 718 834 conservatur
741 815 749 846 ‚
779 788 881 852 neque·
903 765 933 829 in
956 765 1034 830 adius

151 857 156 867 ⁴
222 870 287 912 suos
309 847 419 925 prodire
441 865 537 924 potest
559 849 668 923 absque
698 847 1035 911 immediato-concursu

222 931 299 994 Dei.
330 933 373 992 Ut
388 927 463 1004 ‘quid
479 951 548 1004 ergo
568 949 585 994 a
607 932 674 990 luco
698 927 888 1000 independens
909 927 1048 994 dicituti'

221 1012 288 1091 Nun
312 1008 419 1084 negabo
442 1009 471 1070 in
482 1007 695 1080 Malebranehii
716 1023 874 1084 systemate
897 1010 1036 1086 majorem

222 1086 344 1165 intelligi
368 1088 475 1154 inentis
496 1111 512 1152 a
535 1090 600 1152 Deo
618 1085 858 1164 dependendam:
878 1105 910 1150 at
931 1109 965 1152 oa
986 1109 1041 1163 pos

113 1219 119 1228 ι
221 1169 279 1239 sita
307 1179 469 1244 sequuntur
490 1168 627 1244 absurda,
652 1170 705 1246 (n.
729 1189 793 1242 343·
816 1167 827 1240 )
848 1189 916 1235 cum
937 1169 1042 1245 praeci.
1104 1189 1111 1199 ν

223 1270 278 1326 pne
300 1247 422 1312 tollatur
444 1244 548 1311 animae
569 1247 703 1324 libertas,
727 1247 760 1310 dt
773 1246 807 1310 ad
820 1249 1036 1312 Pantheistnum

223 1327 283 1396 lata
307 1345 455 1390 sternatur
477 1330 541 1400 vit.
563 1327 650 1390 sicuti
671 1325 882 1404 demonstrauit
897 1331 1038 1391 Genuen·

222 1410 260 1473 sis
281 1409 341 1484 (in
362 1421 439 1484 part.
463 1432 481 1470 2
501 1403 630 1482 Metapit.
653 1425 736 1483 prop.
762 1430 774 1481 3
782 1429 795 1481 ς
819 1406 848 1480 i.

265 1501 331 1562 361.
354 1489 448 1550 instat
473 1485 680 1552 Adversarius.
711 1489 844 1550 Potentia
864 1479 1037 1564 producendi

224 1566 301 1634 ideas
321 1581 366 1628 est
391 1567 434 1626 vis
454 1568 601 1636 creatrix:
634 1566 682 1630 sed
705 1572 768 1630 haec
789 1586 931 1631 creatura·
954 1589 1039 1644 repu-

223 1663 311 1727 gnat,
334 1665 403 1720 ergo
422 1642 481 1714 dcc.
493 1652 536 1708 Pr.
548 1649 621 1725 'mai
644 1648 701 1709 Vis
722 1649 847 1710 creatrix
867 1665 914 1710 est
936 1665 1037 1722 potens·
1090 1681 1092 1686 v

223 1729 264 1793 tia
287 1722 459 1799 producendi
481 1745 525 1788 tes
547 1748 581 1788 ex
604 1725 693 1788 nihilo
716 1775 723 1802 ,
752 1726 805 1788 sed
837 1724 910 1788 ideae
932 1725 1039 1806 produ-f

224 1821 332 1878 cuntur
361 1806 390 1866 in
413 1810 468 1876 hoc
488 1808 638 1883 hypothesi
671 1827 711 1888 eux·
736 1805 857 1886 nihilo,
886 1827 954 1882 ergo
975 1799 1038 1870 dte.

226 1882 336 1960 Adde,
366 1883 462 1965 ideas,
492 1903 596 1962 utpote
616 1885 782 1962 spirituales
801 1905 865 1954 esso
886 1884 1038 1949 nobiliores

223 1985 409 2044 quacumque
430 1965 634 2044 ternatcriali‚
656 1987 723 2042 crgo
742 1968 766 2028 si
775 1987 856 2030 mens
877 1975 972 2042 potest
987 1985 1037 2028 eas

225 2044 399 2126 producere,
422 2065 521 2122 potest
543 2068 587 2110 res
609 2045 763 2124 producere
780 2043 971 2120 perfectiores.
984 2047 1057 2124 iis,-

226 2147 297 2202 quas
319 2125 449 2191 condidit
470 2132 573 2205 Deus,·
593 2126 668 2204 quod
689 2127 856 2192 absurdum.

238 2205 383 2279 '362oR
418 2225 490 2284 nego
519 2208 585 2286 maj.
613 2205 648 2269 ad
678 2211 759 2286 cujus
789 2209 864 2284 prob.
892 2205 1038 2282 distinguo

227 2291 293 2363 urai.
317 2286 358 2348 vis
381 2290 508 2356 creatrix
539 2305 584 2350 est
606 2292 737 2363 potentin
761 2285 932 2363 producendi
960 2287 1060 2347 ideas·

222 2387 259 2435 cx
274 2366 364 2430 nihili
385 2369 452 2442 sui,
475 2367 506 2432 dc
528 2366 663 2444 subjedii‚
684 2366 829 2443 couccd03
862 2381 978 2428 tantum
999 2385 1036 2431 ex

224 2444 313 2514 nihilo
334 2445 408 2520 sui,
441 2462 515 2519 nego
536 2441 594 2508 dte.
622 2449 663 2508 Ut
696 2467 742 2506 res
766 2447 859 2506 creari
888 2445 1003 2507 dicatur
1028 2491 1037 2523 ,

223 2523 340 2602 produci
362 2520 448 2585 debet
477 2543 512 2587 ex
541 2523 620 2586 nullo
647 2525 850 2597 praesistente
879 2523 1005 2610 subjedlp
1028 2560 1050 2602 ,ι

223 2603 310 2674 sicuti
332 2601 470 2666 muudum
493 2605 603 2666 creavit
618 2606 702 2668 Deus
722 2624 759 2666 ex
781 2604 887 2670 nihilo.
909 2609 935 2670 si
957 2606 1036 2674 elsim

223 2679 342 2755 resfiat
363 2705 398 2746 ex
418 2683 515 2760 aliquo
538 2685 745 2760 praeexistente
759 2684 903 2766 eustatio,
925 2686 1037 2766 dicetur

224 2753 342 2839 (droia,
366 2785 423 2825 non
433 2781 532 2838 autem
556 2783 669 2826 creata:
691 2764 777 2831 sicuti
792 2762 898 2830 artifex
918 2766 1037 2844 figuram

225 2859 336 2906 statuae
352 2859 497 2909 noncreat
520 2845 549 2904 iu
571 2843 664 2920 lapide
682 2849 695 2918 ,⁴
716 2845 766 2911 sed
779 2845 886 2910 educit
908 2869 925 2912 t
945 2846 1037 2922 lapide

224 2921 449 3016 praeexistente.
474 2927 535 3004 Jam
570 2945 638 2987 vero
670 2923 744 2988 ideae
763 2923 836 2990 fiunt
858 2925 983 3002 quidem‘
1002 2948 1037 2994 ex.

221 2999 315 3072 nthtlu
336 3022 398 3078 sut,
428 3019 461 3065 at
481 3025 539 3066 nou
561 3027 595 3068 ex
616 3005 707 3070 nihilo
728 3005 865 3083 subjeffi,
889 3015 964 3069 cum'
978 3010 1037 3070 siut
1086 3011 1090 3018 '

220 3082 331 3152 mentis
347 3079 602 3165 modificationes,
622 3109 690 3164 quae
709 3087 745 3148 ab
764 3084 1036 3164 eademdependent

223 3179 257 3224 ut
280 3159 379 3241 fiant,
407 3185 441 3227 ao
463 3183 497 3228 ut
518 3182 745 3243 conserventur,
765 3185 833 3241 ergo
855 3188 913 3233 non
933 3167 1036 3246 produ·

218 3259 331 3315 ¹cuntur
353 3264 388 3307 ex
410 3244 518 3326 nihilo,
542 3249 602 3310 sive
626 3267 683 3308 non
704 3264 853 3312 creantur.

267 3335 332 3401 363.
353 3324 476 3390 Fallitur
495 3347 563 3403 ergo
584 3326 838 3404 Malebranchius,
860 3327 929 3394 dunt
939 3343 1035 3420 putat

187 3455 192 3472 .
223 3399 300 3466 ideas
322 3450 332 3480 ,
365 3405 460 3482 quoad
480 3405 695 3481 produdlionem
713 3406 951 3572 nobilioresffe
971 3411 1035 3472 sub-

222 3484 341 3551 stantiis
357 3486 520 3559 corporeis,
542 3505 608 3560 quae
632 3507 668 3549 ex
690 3487 780 3550 nihilo
801 3490 870 3565 sui,
942 3490 1033 3566 subie-

146 3660 152 3669 .
216 3559 258 3634 dii
280 3561 408 3635 conditae
431 3560 558 3640 fuerint:
587 3584 710 3646 quaeque
730 3589 780 3648 per
802 3589 833 3634 se
852 3571 1033 3712 subsistltlrnt,

915 3671 951 3712 nu
976 3669 994 3712 o
