2338 4140
228 363 255 370 Α,
283 357 286 362 ,
384 273 616 379 Metapl'yricie..
663 355 666 363 ι
812 288 868 352 iti

13 417 15 420 -
111 385 114 390 “
144 387 211 441 215.
227 359 467 430 ‘At'desideriu'm
488 383 610 430 aetunae
642 357 800 430 felicitatis
832 362 915 444 bobis

102 467 119 510 n
141 465 243 510 natura
264 445 383 526 insitum
405 443 494 532 fuisse
518 466 574 524 nnn
594 465 609 507 a
632 443 858 528 nobismetipsis,
875 462 917 510 'ex

104 535 140 590 ‘eo
160 541 242 604 patet
264 571 272 601 ,
307 523 382 599 quod
411 527 442 588 in
462 525 598 589 omnibus
617 525 735 588 omnino
749 525 921 605 'hominibus

17 664 21 672 .
105 605 285 683 reperiatur,
306 621 363 664 noo
385 619 465 669 esset
485 611 585 678 autem
607 619 667 668 tam
688 603 874 686 universale,
896 605 920 668 si

104 685 209 760 absque
226 683 342 744 ratione
364 703 381 745 a
404 683 485 745 nobis
506 689 681 760 conceptum
704 683 806 763 foret,
826 697 921 748 esset-

104 784 161 840 que
181 760 361 824 educationis
382 761 599 838 praejuditium.
628 767 706 830 Cum
728 767 832 841 itaque
854 781 919 827 om-

105 844 191 904 nium·
210 841 378 903 mortalium
400 843 503 904 animis
523 839 583 904 alte
593 839 749 921 insideat,
770 863 863 920 neque
883 857 921 916 en

103 919 242 998 expoliati
264 940 391 996 unquam
423 921 594 998 possimus,
623 922 741 984 evidens
773 923 806 986 fit
827 925 921 1000 ipsum

104 1021 168 1066 esse
189 997 428 1077 verebaturale,
450 1015 539 1076 atque
560 1019 576 1061 a
597 1000 811 1076 sapientissimo
833 1018 920 1066 natu·
970 1075 973 1078 ,

107 1099 151 1144 rae
172 1078 287 1142 audiere
308 1079 450 1152 inditum.
471 1081 557 1142 Licet
577 1096 677 1142 autem
688 1079 763 1142 ratio
773 1101 829 1142 non
839 1081 921 1144 evin-

105 1176 155 1224 cat
176 1157 349 1222 desiderium
370 1159 545 1222 immortalis
565 1156 922 1240 corporisexpletumiri,

110 1239 138 1302 id
160 1255 259 1302 tameo
282 1237 386 1302 suadet
407 1237 509 1318 fides,
537 1235 615 1301 unde
633 1260 687 1304 nec
708 1237 776 1304 tale'
790 1238 921 1322 studium

107 1335 218 1382 vanum
240 1319 269 1380 in
292 1320 372 1382 nobis
391 1335 456 1381 est.

147 1413 220 1462 216.
238 1397 342 1473 Neque
362 1395 564 1462 confundenda
587 1413 656 1462 sunt
675 1396 846 1462 desiderium
867 1400 921 1462 inr·

106 1479 328 1554 mortalitatis,
358 1498 391 1541 ac
412 1477 534 1554 propriae
560 1479 791 1542 conservationis
814 1479 920 1542 instin-

108 1557 189 1635 dlus,
210 1579 277 1622 cum
299 1560 346 1620 hic
367 1555 509 1620 secundus
531 1559 613 1622 nobis
636 1607 644 1635 ,
674 1578 708 1622 ac
730 1559 820 1622 brutis
839 1579 925 1622 com-

107 1640 203 1701 munis
224 1639 277 1701 sit:
302 1640 426 1720 primum
448 1658 516 1700 vero
536 1639 580 1702 sic
601 1637 686 1714 longe
707 1637 855 1716 nobilius,
876 1655 922 1701 at-

107 1721 165 1792 qu'e'
188 1719 279 1782 etiam
300 1715 424 1780 viridius
444 1737 495 1795 pro
507 1717 619 1782 meliori
638 1719 776 1796 ingenio,
804 1718 924 1796 respicit
961 1728 965 1738 ‘

107 1799 188 1860 enim
208 1797 338 1862 studium
359 1798 431 1860 vitae
453 1818 601 1874 nunquam
620 1796 774 1884 desiturae,
796 1819 829 1862 at
844 1817 924 1862 conr·

109 1875 199 1950 pletae
218 1875 391 1954 felicitatis,
411 1880 469 1953 ‘quo
488 1892 571 1942 certe
585 1893 700 1941 ‘carent'
714 1878 816 1942 bruta.

139 1983 221 2034 erp.
243 1960 309 2019 Nec
325 1959 421 2018 minus
442 1955 524 2020 firma
546 1976 614 2039 suot
624 1956 728 2032 effugia
748 1955 784 2019 ad
804 1955 925 2022 cluden-

110 2037 177 2102 dam
200 2037 317 2098 secundi
338 2037 475 2111 propositi
495 2038 657 2112 argumenti
680 2037 760 2111 vim,
779 2054 814 2098 ut
836 2037 922 2113 plutl·

111 2120 164 2182 bus
184 2115 315 2178 ostendit
335 2114 527 2194 ClHayegus
551 2117 600 2190 (in
620 2113 711 2178 libro:
730 2115 761 2179 la
776 2117 925 2192 spiritur·

111 2197 179 2272 It'te',
201 2193 243 2266 de·
264 2193 491 2257 l'lmmnrtalire'
511 2193 545 2256 dt
565 2193 665 2258 l’Ame
685 2191 772 2270 dyc.)
794 2199 870 2260 Nam
891 2197 926 2259 ll·
958 2265 961 2272 ,

111 2293 160 2343 cet
181 2273 326 2338 fateamur
347 2272 463 2348 aliquod
485 2275 604 2336 virtutis
626 2277 786 2351 praemium·
808 2277 839 2337 in
863 2294 924 2340 tes-

110 2357 237 2420 timonio
257 2354 338 2416 bonae
360 2355 564 2430 conscientie,
587 2350 621 2414 dt
641 2371 820 2418 caeterorurn·
838 2355 924 2421 tande

110 2436 270 2512 repositum
291 2453 378 2496 esse:
396 2431 429 2496 &
442 2433 567 2495 vicissim
576 2431 735 2506 aliquando
753 2434 925 2512 supplicium

111 2515 352 2578 inconscientiae
371 2513 496 2576 stimulis
519 2561 528 2590 ,
558 2533 604 2574 ac·
624 2515 773 2576 hominum
804 2513 926 2578 infamia

112 2613 179 2659 esse
197 2591 409 2670 agnoscendum
432 2612 443 2668 ·,
470 2613 529 2653 non
549 2608 618 2653 sune
648 2609 746 2654 tamen
768 2597 830 2656 haec
851 2593 926 2670 prae'-

113 2675 188 2752 mia,
209 2674 241 2740 dt
264 2671 589 2750 suppliciavirtutibus,
609 2667 825 2734 &criminibus
845 2671 923 2734 aded-

15 2823 17 2828 ,
112 2774 219 2830 quara·
250 2758 328 2816 Cum
356 2752 435 2812 enim
465 2749 580 2824 plurimi
604 2751 808 2812 testimonium
836 2753 923 2816 boore

111 2833 301 2900 conscientie
321 2837 472 2906 spernant,
494 2847 529 2891 ac
547 2843 598 2890 sua
621 2827 728 2892 seelera
750 2829 924 2912 occultent,

104 2933 197 2978 ¹terte
217 2934 275 2974 oon
297 2912 367 2973 satis
389 2905 656 2970 anaturaeaudlore
676 2911 822 2986 provisum
842 2909 925 2991 fuir,

113 3012 148 3056 nt
169 2995 299 3056 homines
321 3011 338 3052 a
358 2987 510 3051 sceleribus
532 2985 728 3052 abstinerent.
760 2992 832 3066 Erat
852 3011 922 3066 ergo

107 3093 250 3153 necesse,
273 3087 306 3133 ut
328 3069 419 3132 bonos
441 3066 709 3144 sternumenta,
730 3067 924 3143 improbosae·

108 3168 196 3214 terna
218 3151 356 3229 supplicia
379 3150 409 3211 io
429 3148 484 3215 alia
505 3149 565 3209 vita
588 3163 756 3222 manerent,
779 3147 922 3224 praec'ipue

114 3250 200 3310 eum,
218 3249 357 3308 utsupra
378 3230 540 3292 dicebamus
562 3229 695 3318 (turra.
720 3225 742 3302 ),
763 3225 865 3306 culpa,
885 3225 922 3295 dt

116 3313 210 3380 virtus
232 3313 344 3376 ratione
363 3309 463 3388 object-i
486 3309 543 3370 sint
566 3304 709 3370 iolinrtne.
904 3315 906 3322 ⁴

124 3460 125 3463 ,
151 3401 221 3456 218.
243 3394 404 3456 Stoicorum
415 3388 572 3452 taurinam
593 3387 651 3448 risu
660 3384 858 3465 excipIend'am
879 3393 924 3450 et·

106 3493 139 3537 se
160 3493 246 3536 nemo
267 3493 323 3532 nnn
347 3470 444 3533 videt.
468 3463 600 3556 Nam&
620 3467 793 3546 veramals,
815 3464 849 3529 &
871 3485 924 3527 ve-

67 3585 69 3588 >
105 3573 141 3620 rat
160 3553 236 3617 bona
255 3553 436 3617 aninumet
466 3545 674 3613 leolntionibus
703 3549 848 3628 percipere
870 3563 925 3606 ne·

161 3669 164 3676 ·
833 3642 886 3689 ml)
