2370 4148
390 238 603 323 Mrtaphysr'tae'
840 264 896 318 υς

124 341 202 388 aaa
216 319 353 384 Fateatur
382 317 601 398 possibilitatem
623 321 658 389 ad
678 320 844 390 essentialia
871 343 934 400 spe-

107 394 200 477 Clare3
215 403 278 460 'non
308 422 458 478 propterea
479 421 578 470 tamen
600 405 635 469 ab
654 403 810 468 existentia
837 404 933 478 singu-

7 547 8 550 ,
106 477 200 544 lorum
220 479 396 554 possibilium
425 479 526 548 inferri
555 501 624 548 tuto
651 500 749 562 potest
773 483 932 564 existentis

106 561 200 622 totius
221 556 396 624 collellionis
417 561 610 638 possibilium:
630 586 698 630 cnm
719 566 747 626 in
768 567 823 630 hoc
850 584 934 641 argu-

105 654 205 702 mento
224 658 242 700 a
272 638 354 704 finito
382 637 417 704 ad
438 641 583 708 infinitum
611 641 662 712 fiat
685 645 843 712 transitus.
863 643 934 707 Col-

107 715 196 780 lenio
211 717 290 782 eninr
318 721 449 784 omnium
477 722 652 800 possibilium
687 723 757 787 nihil
779 722 855 787 aliud
875 741 934 799 est,

106 817 194 872 quam
213 796 345 864 eolledlio
364 801 493 866 omnium
516 803 725 884 terminorum,
754 803 789 870 ad
810 823 881 887 quos
899 825 933 868 ss
971 812 974 832 ⁴

107 875 264 954 extendere
295 896 392 956 potest
421 881 480 946 Dei
500 885 712 960 omnipotentia
732 902 738 941 :
760 887 832 946 sive
862 883 933 945 nihil
992 895 995 900 ’

108 952 184 1018 aliutl
207 975 271 1038 est,
293 981 379 1035 quam
402 959 461 1038 ipsa
482 959 750 1042 divina'essentia,
778 979 863 1040 prout
885 979 933 1027 est

107 1033 228 1104 infinitis
248 1037 343 1102 modis
372 1041 602 1122 participabilis,
633 1041 762 1119 adeoque
790 1041 931 1120 infinita,

9 1177 11 1182 .
92 1114 140 1198 ,dt
162 1119 338 1198 necessaria,
359 1121 500 1184 hinccum
521 1143 556 1188 ex
566 1119 942 1204 prmudionesingrlonn,

106 1197 300 1278 possibilium,
323 1220 389 1278 quae
410 1217 478 1267 sunt
499 1203 579 1268 entia
596 1200 689 1282 finita,
709 1199 742 1266 &
762 1202 933 1280 contingen-

106 1277 169 1354 tia,
192 1275 315 1342 infertur
336 1278 481 1356 produllio
496 1279 673 1348 collel'lionis
693 1283 823 1352 omnium
844 1281 944 1360 possi-¹

106 1357 226 1436 billum,
249 1362 304 1424 ‘am
326 1358 359 1426 fit
380 1359 551 1426 transitusa
571 1361 678 1440 finitis,
699 1359 933 1444 &contingenti-

106 1437 159 1500 bus
178 1435 213 1500 ad
234 1381 369 1516 linitum,
389 1438 422 1507 ἃ
442 1441 654 1522 necessarium,
675 1442 751 1506 unde
761 1443 834 1516 latet
850 1441 931 1506 falla·

105 1521 151 1582 cia
171 1519 201 1581 in
223 1516 370 1584 illatione.
389 1519 473 1585 Adde
492 1521 682 1588 colledlixum.
694 1523 797 1588 habere
827 1522 931 1588 debere

105 1619 171 1662 suas
190 1596 398 1666 determinatas
408 1619 527 1682 nattes,
548 1605 939 1683 utsumaturinstarunius,¹
994 1604 997 1612 “

104 1677 138 1746 dt
157 1699 174 1742 a
195 1679 382 1746 distributive
401 1677 452 1748 liat
473 1683 612 1748 transitus
622 1681 864 1752 adroletlivurn.
883 1689 931 1754 At

104 1779 189 1836 opera
210 1759 316 1826 divinae
336 1763 568 1858 omnipotentiae
586 1781 734 1840 nequeunt
754 1763 930 1830 determina·

105 1840 148 1914 ri,
168 1859 264 1917 cum,
290 1840 516 1917 quibuscumque
537 1842 757 1919 determinatis,
786 1844 930 1920 supersint

102 1919 197 1983 adhuc
218 1916 312 1982 multo
334 1919 414 1996 plura
437 1921 682 2002 determinatim
711 1923 796 2000 hine,
818 1922 864 1989 ubi
891 1920 929 1990 tle

104 1997 282 2078 possibilibus
302 1998 474 2076 loquamur,
496 1999 606 2068 nullum
625 2004 712 2066 habet
730 2000 828 2072 locum
845 2023 942 2082 argu·¹

104 2094 238 2142 mentum
260 2100 275 2140 a
297 2077 485 2144 distributivo
508 2077 757 2156 mentientium,
775 2103 843 2149 sum
865 2079 930 2152 nul·

14 2221 17 2227 ,
102 2157 130 2224 la
152 2155 218 2232 finni
242 2159 330 2234 possit
350 2155 482 2225 eolleilio
502 2161 706 2240 possibilium,
733 2163 821 2230 sicuti
849 2158 929 2227 nulla

103 2235 171 2316 frugi
199 2255 296 2316 potest
325 2237 519 2306 determinata
547 2237 679 2306 collellio
698 2261 835 2322 operum,
862 2259 930 2318 que}

99 2335 200 2382 totam
221 2317 349 2382 divinam
369 2320 614 2396 omnipotentiam
634 2322 804 2390 exhauriat.

143 2420 191 2474 ⁴3·
212 2399 358 2462 Miramur
376 2401 616 2466 autemlxomines
636 2402 758 2466 rationis
766 2416 928 2484 compotes,

100 2474 168 2542 dum
190 2479 376 2545 existentiam
393 2480 520 2556 supremi
541 2480 678 2548 Numinis
693 2479 733 2547 de
753 2480 849 2546 medin
870 2482 927 2544 tol-

101 2555 160 2622 lere
182 2575 344 2638 conantur,
365 2557 492 2622 divinam
517 2578 649 2626 naturam
671 2562 743 2628 enti
757 2561 894 2628 vilissimo
914 2611 925 2658 ³

99 2635 132 2700 dt
154 2639 373 2719 abjedlissirnor
403 2639 535 2704 materian
562 2661 667 2716 nempe
686 2639 873 2704 adscribere:
897 2661 925 2704 st

97 2718 178 2784 enim
198 2720 323 2784 materia
345 2740 400 2782 non
416 2715 533 2782 aliunde
553 2716 686 2796 produdla
706 2715 784 2799 fuit,
803 2716 926 2796 sedpro·

100 2799 171 2876 priae
193 2817 306 2865 naturae
333 2799 511 2862 necessitate
541 2800 670 2878 existit,
700 2803 757 2878 lam
786 2796 925 2896 quddquid

34 2943 38 2950 ,
95 2875 281 2956 nerfedlionis
301 2896 347 2943 est
367 2879 397 2941 in
414 2879 577 2956 creaturis,
598 2881 729 2945 materie
751 2879 832 2957 ipsi,
861 2879 924 2950 sive

8 3019 9 3024 ,
95 2961 225 3026 athomis
243 2957 302 3043 erit
320 2957 568 3039 adiudicandum,
599 2980 668 3033 ergo
696 2957 808 3024 atlromi
834 2974 923 3024 erunt

16 3097 18 3102 .
92 3033 332 3118 nerfedlissimae,
353 3037 420 3118 er'go
440 3037 585 3106 habebunt
605 3037 807 3106 diuinitatem·
831 3039 924 3104 Dein·

91 3113 154 3196 de,
174 3117 198 3180 si
219 3114 344 3182 fortuito
364 3123 546 3184 athomorum
557 3139 699 3188 concursu
720 3115 844 3186 mundus
854 3137 922 3188 toa-

94 3193 180 3275 luit,
209 3219 262 3260 cur
282 3201 344 3264 haer
365 3195 495 3264 fortuitu
524 3201 655 3266 maehina
679 3197 830 3288 constanti
858 3197 922 3276 lege

93 3295 286 3342 ,conservatur
301 3277 322 3340 :d
342 3299 394 3346 cor
415 3301 471 3342 non
494 3277 570 3344 liunt
592 3282 621 3342 in
650 3278 711 3344 dies
731 3300 765 3344 ex
796 3279 921 3344 lortuito

91 3378 238 3424 concursu
250 3377 336 3421 novae
346 3380 409 3436 xes,
430 3376 499 3436 puta
511 3360 630 3440 domus,
653 3359 813 3440 templum,
833 3360 921 3422 urbs?

136 3463 188 3512 244..
208 3427 339 3504 maden
354 3441 414 3516 ‚hoc
442 3459 495 3504 ens
516 3443 706 3505 neeessariam
731 3439 830 3516 nequit
859 3457 923 3510 esse

97 3517 247 3593 mundus,
277 3521 322 3584 uti
344 3519 505 3666 blaterant<
521 3521 724 3608 Pantlreistae:
753 3539 818 3580 nam
840 3525 921 3597 quae'·

547 3624 561 3676 5
804 3615 885 3658 eum-
