2338 4140
291 231 349 318 ult
493 273 501 290 ·
591 241 743 310 Elementa

246 339 285 390 se
299 349 317 407 ,⁸
330 323 473 402 quiapm
494 319 564 388 vitri
584 326 738 404 claritate,
760 317 806 389 vel
823 321 966 408 ealigine,
986 322 1065 408 ejus.

257 401 432 480 querceta,
453 404 500 467 vel
526 405 625 482 inepta
646 403 821 470 formatione
842 405 973 486 longius,
992 430 1063 473 acu·

249 487 469 560 'tiu‘sque5-aut
490 484 623 548 obtuslus
642 483 746 562 video,
769 503 803 548 ut
824 486 960 552 observat
974 489 1060 566 Joan·
1155 497 1157 506 ’

245 583 304 626 nes
326 562 467 626 Albertus
489 564 793 642 Fabritiuswuseru
804 579 831 628 6.
840 564 877 630 dt
885 567 1061 630 recordatio·

252 640 455 726 muniunt).
479 644 558 706 Hinc
578 646 688 721 optime
708 646 750 708 ait
772 645 965 718 Aristoteles,
987 644 1058 708 licet

250 723 357 785 anima.
379 723 593 787 immortalitati
616 747 672 786 non
695 723 778 788 valde
800 722 917 803 favens,
937 723 1010 802 quod
1032 725 1057 786 si

245 822 340 864 ’sonex
360 802 479 867 oculum
504 801 659 882 juvenilem
678 822 775 880 posset
785 807 927 886 recipere,
948 825 1058 867 nonse·

246 901 304 945 eus
327 901 362 944 ac
386 885 444 958 ipse
466 885 579 962 juvenis
600 882 710 947 videret
733 883 771 960 (l.
799 883 1057 948 1.deunimattxt.

248 959 325 1034 ·4.)-.
347 962 503 1039 sicigitur
532 965 621 1027 etiam
654 960 790 1039 pulliones
817 967 951 1043 auimae,
979 965 1062 1040 aegri·

201 1058 203 1064 ·
248 1039 392 1119 -tudines,
415 1043 541 1121 gaudia,
562 1044 670 1106 sanitas
699 1041 767 1122 &o
785 1065 822 1107 ex
851 1063 940 1126 parte
959 1066 1059 1121 corpo·

252 1123 290 1184 ris
311 1138 382 1184 suut
402 1143 460 1200 ea,
475 1143 542 1200 quae
562 1123 591 1184 in
620 1123 747 1186 animam
769 1123 899 1189 influunt
915 1145 954 1198 ex,
979 1145 1059 1188 com·

259 1201 362 1264 nlereil
384 1199 505 1276 legibus.

294 1303 360 1348 224.
382 1281 462 1343 Hinc
483 1302 579 1357 neque
596 1301 679 1344 mens
698 1297 746 1346 est
761 1302 812 1343 cor
851 1281 887 1342 ris
904 1301 985 1358 pars,
1007 1301 1055 1344 ne·

251 1379 308 1435 que
327 1357 381 1432 ipsi
398 1360 620 1438 coexteuditur,
645 1377 679 1424 ut
700 1381 782 1436 supra
818 1357 1053 1422 uitdemonstra-

253 1452 333 1511 tum;
359 1436 407 1498 set
429 1457 475 1501 est
496 1457 604 1521 tamen·
620 1439 792 1506 nobilissima
821 1459 884 1514 pars
913 1440 1058 1518 hominis,

250 1538 267 1579 a
290 1536 346 1590 qua
370 1537 473 1595 corpus
494 1520 585 1584 vitam
606 1522 729 1595 accipit,
752 1534 927 1595 acmotum,
948 1539 1059 1598 quous·

240 1615 307 1672 'oue
326 1597 394 1672 ejus,
417 1601 599 1676 organizatio
628 1600 697 1663 vitae
725 1597 942 1673 operationibus
972 1599 1056 1675 perfi-

244 1673 365 1740 ¹ciendis
382 1697 428 1741 est
449 1698 536 1756 apta.
704 1737 706 1742 ,

242 1800 249 1819 s
291 1781 327 1819 υ
335 1779 348 1832 5
383 1759 513 1824 Tandem
533 1760 664 1822 animae
692 1775 813 1832 corpore
841 1772 973 1833 separata
992 1779 1051 1820 non

244 1832 335 1900 hebet
357 1837 477 1913 quidem·
493 1857 645 1916 corporeos·
663 1840 784 1912 sensus,
807 1835 857 1903 sed
884 1853 987 1898 tamen*
1012 1838 1056 1899 in-

252 1914 401 1982 telletlum
421 1917 525 1996 habet,
549 1938 584 1984 ac
604 1917 790 1981 voluntatem
813 1913 1002 1980 nobilissimas
1012 1913 1055 1978 fa·
1110 1921 1114 1929 '

244 1994 397 2076 cultores,
419 2017 485 2073 quae
505 2019 522 2061 a
542 1998 672 2075 corporis
692 1993 1054 2074 impedimentoexpeditae

250 2075 396 2142 sublimius
416 2097 502 2153 agere
523 2095 645 2153 possunt
666 2079 678 2154 (
699 2097 727 2140 n.
749 2101 817 2145 212.
838 2075 870 2150 ).

290 2169 355 2220 226.
379 2159 451 2252 lust.
474 2159 570 2220 anima
593 2156 650 2222 fuit
667 2159 826 2233 incorpore
837 2152 1057 2233 produlia,.et·

249 2257 285 2314 go
304 2252 386 2301 extra
407 2258 501 2314 ipsum
524 2239 624 2315 nequit
644 2236 829 2308 conservari,
851 2255 917 2296 cum
938 2255 1055 2298 conser-

251 2316 333 2380 vatio
353 2317 391 2378 sit
413 2317 555 2380 continua
577 2318 617 2380 rei
639 2313 801 2392 productio.
824 2309 941 2374 Deinde
959 2313 984 2372 si
1007 2329 1056 2376 est

249 2393 437 2470 immortalis,
460 2415 511 2458 cur
530 2413 653 2458 mortem
675 2394 780 2454 timet?
815 2389 915 2450 lubens
944 2411 980 2452 ne
1007 2393 1059 2454 ῖη·Ι
1085 2403 1089 2409 “

250 2476 342 2537 travit
363 2475 391 2536 in
413 2493 533 2548 corpus,
554 2495 590 2535 nn
610 2467 899 2546 contlatuilubens,
920 2489 972 2531 cur
989 2483 1055 2546 post

249 2569 297 2616 tot
320 2553 413 2630 mala,
433 2551 536 2628 quibus
555 2555 587 2614 in
616 2569 733 2624 corpore
762 2545 923 2624 affligitur,
951 2548 1053 2612 lubens

249 2633 365 2707 abipso
387 2653 443 2691 non
463 2631 546 2692 exit?
568 2630 592 2692 si
612 2624 727 2711 coalia,
748 2625 815 2704 quid
837 2644 955 2697 tantum
975 2625 1046 2692 mali

239 2709 450 2776 tommeruit?
823 2769 826 2776 ,

290 2811 356 2859 227.
378 2789 417 2848 R.
440 2787 571 2851 animam*
587 2789 617 2851 in
637 2807 755 2866 corpure
775 2786 884 2866 creari,
906 2809 964 2850 non
982 2807 1052 2864 qua·

247 2882 332 2930 tenus
353 2885 471 2939 corpore
493 2868 618 2944 indigeat
638 2869 674 2934 ad
694 2869 896 2944 existeneum‚
918 2870 1052 2934 esteuim

247 2943 346 3022 multo·
364 2945 510 3012 nobilioris
531 2967 664 3028 naturae,
687 2965 722 3012 ut
741 2948 817 3010 ratio
844 2947 903 3021 ipsa
934 2945 1053 3010 demon·
1090 3024 1095 3034 Ι

246 3043 323 3092 strat
347 3026 503 3105 (n.1⁶5):
525 3027 574 3092 sed
594 3051 631 3094 eu
640 3027 789 3094 creatoris
810 3025 984 3104 voluntate,
1006 3048 1053 3092 er·

247 3125 285 3192 go
304 3105 415 3184 absone
434 3108 807 3185 corporeconserualiitur.

290 3196 357 3262 228,
378 3185 425 3250 Ad
444 3189 586 3256 alterum.
608 3193 712 3264 Neque
733 3186 853 3261 lubens,
875 3188 967 3262 neque
985 3207 1052 3251 coa·

247 3260 293 3326 tta
313 3286 415 3342 corpus
437 3269 560 3345 ingressa
581 3285 627 3332 est
647 3269 761 3344 anima,
783 3286 850 3328 cum
870 3267 995 3350 corporis
1005 3288 1051 3342 ge-

248 3345 432 3410 nerationem
451 3369 508 3410 non
518 3349 714 3424 praecesserit.
739 3351 870 3410 Mortem
881 3366 950 3408 vero
964 3347 1053 3410 timet
1151 3367 1155 3376 ’

250 3422 367 3501 asima,
389 3427 456 3501 quia
478 3427 587 3490 incerta
606 3444 653 3494 est
675 3421 786 3490 futurae
803 3425 891 3502 vitae,
914 3423 1051 3500 undequi
1098 3452 1100 3460 r

245 3499 286 3574 de
306 3498 406 3574 futura
426 3505 629 3588 consequenda
650 3503 793 3574 felicitate
813 3504 887 3568 certi
907 3501 1054 3579 fuerunt,

588 3602 592 3610 ·
963 3602 1012 3650 tu«
1090 3629 1094 3636 -
