2376 4156
217 367 221 374 ⁶
356 290 472 374 Logt'cae
787 317 856 368 ¹77¹

56 365 203 436 conclusio
223 370 272 432 sit
293 370 353 445 ipsa
383 368 564 434 antithesis.
594 369 627 432 Id
658 377 756 435 auseis
788 371 900 438 faciet'

57 451 160 530 absque
184 447 337 526 puerilibus
361 448 498 528 fallaciis,
520 451 796 534 ansquetinus,
815 473 880 515 ver-

56 532 211 605 bnumque
231 531 382 608 strepitu,
407 550 474 606 quae
495 532 652 606 ingenuum
682 533 776 594 vitum
796 531 881 595 dede·

51 628 143 676 tent.
168 614 276 672 Utetur
296 610 395 686 itaque
416 606 607 685 syllogismis,
635 612 693 687 quo
716 609 776 674 fieri
797 629 880 689 pote·
910 627 912 636 “

54 691 115 766 rit,
137 687 329 764 brevissimis,
351 706 443 765 atque
464 687 658 754 nitidissimis.

40 832 50 838 ,
97 778 163 843 138.
182 765 352 852 Quemlibet
373 769 408 830 ab
430 770 582 843 Arguente
611 769 790 846 propositum
822 768 883 846 syl·
916 843 926 852 ,

55 845 207 924 logismum
227 865 264 908 ex
284 847 415 925 integro,
438 867 471 910 ac
493 845 635 922 fideliter,
658 847 761 914 saltem
784 847 880 924 quosd

54 947 200 1002 sensum,
228 942 358 1004 repetere
386 925 473 990 debet
503 923 704 994 Defendens:
733 927 809 1004 quod
831 929 880 990 ubi

54 1005 247 1083 praestiterit,
276 1001 405 1081 singulas
424 1005 532 1070 iterum
554 1003 687 1069 adsumet
711 1008 883 1082 propositio-

57 1105 124 1162 nes,
148 1083 278 1166 negando
297 1104 363 1160 quae
384 1081 466 1148 falsae
487 1101 579 1162 sunt,
608 1085 794 1150 concedendo
813 1105 881 1162 quae

57 1185 154 1241 rerae,
174 1185 209 1228 ac
228 1162 433 1240 distinguendo
454 1183 520 1242 quae
540 1162 637 1230 dubiae
657 1183 729 1228 sunt
741 1189 752 1227 .·
781 1183 905 1232 ostenu

53 1243 147 1308 dendo
168 1264 290 1320 nempe,
312 1245 417 1320 quoin
440 1265 524 1308 sensu
547 1265 625 1312 verae
645 1245 729 1323 sint,.
751 1267 810 1320 quo
831 1266 883 1308 au·

53 1343 119 1387 tem
138 1319 238 1400 falsae,
259 1344 293 1386 ac
316 1321 479 1388 omittendo
500 1324 617 1400 dubias,
634 1345 727 1404 ψει,
747 1327 810 1390 sive
832 1345 881 1389 ve·

53 1424 111 1480 roe,
133 1405 197 1466 sive
217 1401 327 1481 falsae,
357 1403 535 1482 propositam
564 1404 671 1472 thesim
697 1404 817 1470 minime
837 1400 883 1470 fe-

53 1483 148 1545 riunt.
169 1487 282 1548 Cateat
293 1499 407 1558 tamen,
424 1501 622 1560 neutramque
631 1482 787 1562 syllogismi
809 1505 883 1562 prae·

53 1563 171 1626 missam
191 1559 355 1639 concedat,
373 1583 408 1628 ac
416 1561 632 1630 conclusionem
654 1581 755 1640 postea
778 1582 884 1640 neget:

53 1663 120 1736 naim
141 1642 170 1704 in
180 1640 344 1729 syllogismo
359 1641 433 1708 recle
442 1641 582 1720 disposito
602 1663 636 1706 ex
662 1645 788 1708 veritate
809 1665 885 1724 prae·

53 1738 205 1784 missarum
225 1723 358 1800 sequitur
367 1722 530 1788 necessario
549 1721 741 1794 conclusionis
760 1723 882 1790 ¹ueritas.

53 1805 168 1864 Caveat
187 1801 297 1880 etiam,
318 1821 355 1866 ne
371 1801 791 1884 distinguatconsequentium‚
812 1824 892 1869 cum.

53 1884 117 1966 haec
138 1882 177 1942 sit
200 1897 270 1944 nota
291 1879 448 1959 illationis,
468 1903 535 1959 quae
546 1881 683 1958 distingui
706 1883 807 1958 nequit
828 1883 879 1958 (n.

55 1965 94 2037 7³4
115 1957 143 2034 ):
164 1957 230 2035 sed,
253 1960 301 2022 ubi
309 1981 380 2036 opus
390 1958 680 2038 fueritsdistinguet
698 1979 880 2042 consequens

61 2037 108 2104 vel
127 2035 356 2101 conclusionem.
504 2077 507 2082 ι

97 2139 164 2192 ¹39·
190 2120 319 2193 Negatas
356 2117 567 2196 propositiones
596 2139 674 2182 novo
708 2135 883 2196 argumento
919 2141 922 2151 ’
967 2155 970 2160 ·

52 2201 177 2278 probare.
199 2199 355 2274 Argueutis
377 2219 481 2260 munus
500 2200 558 2264 erit
582 2251 592 2279 ‚
616 2199 657 2282 lta
679 2213 714 2263 ut
733 2199 802 2262 novi
819 2197 881 2276 'syl-

51 2277 163 2358 logismi
185 2276 335 2342 conclusio
362 2279 401 2340 sit
431 2276 533 2342 eadem
563 2285 671 2364 negata
691 2279 849 2354 propositio
867 2323 880 2345 .

9 2367 24 2384 ‘
51 2357 263 2434 Propositiones
285 2378 304 2430 a
332 2353 523 2422 Defendente
542 2355 691 2434 distinfias
713 2358 755 2422 ita
774 2357 892 2436 proba·¹
934 2387 936 2392 ·

48 2459 85 2502 re
103 2439 208 2512 debet,
230 2454 271 2500 ut·
285 2435 422 2502 ostendat
443 2459 482 2502 eo
500 2439 562 2514 ipso
581 2457 667 2504 sensu
690 2458 772 2502 veras
793 2457 895 2518 esse„

50 2538 111 2594 nun
129 2517 165 2580 ab
185 2515 361 2581 Adversario
382 2536 497 2594 negatae
516 2537 614 2597 suor3
645 2515 691 2580 vel
713 2516 885 2598 ostendat„¹

49 2599 109 2662 etsi
131 2597 160 2662 in
180 2595 232 2661 illo
271 2596 426 2660 dumtaxat
454 2615 539 2662 sensu
569 2619 646 2664 verae
667 2615 736 2658 sunt
766 2644 777 2673 ,
818 2618 887 2674 quo-

49 2673 277 2744 aDefeodente
299 2676 529 2755 conceduntur,
556 2677 650 2748 adhuc
683 2680 746 2755 ejus
767 2678 874 2740 thesim

1 2817 2 2820 ,
49 2755 246 2824 labefadiare.
275 2761 322 2822 lta
343 2777 427 2834 porro
446 2755 567 2822 alternis
586 2757 697 2848 vicibus
718 2753 876 2832 proceden-

48 2836 121 2900 dum
140 2853 185 2904 est
206 2835 283 2900 redio
304 2838 444 2914 tramite,
465 2837 509 2899 ita
529 2855 564 2900 ut
586 2858 680 2914 neque
700 2831 875 2902 Defendens

1 2949 2 2952 ¹
49 2937 121 2994 uaga
153 2915 366 2988 declamatione
393 2918 560 2992 opponenti
587 2913 755 2996 satisfacere
783 2937 873 2979 cone-

52 3014 120 3076 tur,
142 2996 191 3060 sed
211 3013 279 3072 apra
300 2996 446 3059 solutione
483 2997 670 3074 respondeat:
700 3017 753 3073 nec
773 3001 872 3074 Oppo-

50 3096 123 3142 nens
143 3095 160 3138 a
178 3097 267 3152 scopo
287 3073 576 3154 unquamdeliefiat‚
597 3074 648 3139 sed
668 3073 704 3140 ad
724 3073 806 3138 illum
827 3094 873 3153 re·

49 3154 162 3222 blavia
182 3155 412 3253 tendatsquem
432 3157 486 3221 sibi
505 3155 711 3234 disputationis
732 3155 819 3243 initio
838 3153 874 3219 li·

2 3251 3 3279 ³
49 3257 117 3306 uem
134 3249 311 3302 constituit.
384 3281 388 3290 ‚
754 3263 757 3272 ·

93 3337 160 3386 140.
179 3313 357 3380 Absolutum
377 3337 584 3398 argumentum
603 3312 644 3382 ad
662 3337 774 3382 summa
786 3317 873 3396 ,capi-

6 3427 10 3434 =
47 3418 80 3463 ta
100 3389 272 3460 Defendens
324 3397 457 3462 evissime
489 3397 599 3476 rediget
615 3418 744 3478 ‚fiatque
770 3405 872 3482 oppor-

48 3491 121 3540 tune
141 3473 301 3558 dissolvet3
339 3477 377 3542 ixi
396 3493 579 3556 opportune:
608 3501 667 3542 non
695 3479 782 3543 enim·
807 3481 875 3542 the·

50 3576 115 3622 aeos
143 3554 328 3638 probationes
354 3555 440 3701 'mia‘
449 3557 666 3636 responsionum
697 3554 792 3699 affari
822 3553 880 3640 def

482 3660 498 3712 5
777 3649 835 3713 ”ts
