2338 4140
323 253 548 336 Metaplpstra.
793 273 849 331 pro

81 338 304 418 lneopositam,
327 339 503 418 Epiphanio,
524 335 887 416 &Augustino,tesribus,

81 421 157 496 quod
187 422 273 481 homo
301 419 330 479 in
361 422 414 484 hac
442 419 505 484 uita
531 437 591 481 tam
621 417 768 493 perspicue
790 421 889 482 Deum

80 501 196 576 videat,
218 519 303 575 quam
320 499 443 574 seipsum
453 500 611 576 ‚aliosque
620 500 750 560 homines
758 517 888 565 contem·

10 641 20 650 .
82 582 202 666 platur.
215 581 307 656 Igitur
328 580 425 660 opinio
444 580 548 645 istnaec
571 578 740 658 perabsurda
761 595 824 642 est.
879 618 884 630 ·

335 693 457 782 'satisfit
479 698 617 779 Obiedis.

77 878 81 888 .
125 827 191 897 338.
212 825 285 898 Opp.
317 846 328 884 r
363 817 487 883 Malebr.
516 820 643 900 quinque
669 821 761 887 modis
789 819 890 900 uidete

76 919 233 976 possumus
260 897 370 978 objedla
391 907 525 963 externa:
558 905 622 963 Aut
651 903 718 976 quia
747 902 821 968 ideae
851 903 887 969 ab

80 979 136 1046 illis
168 977 283 1058 objedlis
311 979 447 1049 ueniant.
482 984 546 1048 Aut
574 981 640 1064 quia
667 1001 748 1046 mens
777 983 890 1047 virtute

81 1059 189 1138 polleat
217 1061 287 1128 istas
317 1057 490 1140 producendi
517 1059 610 1126 ideas.
631 1064 700 1127 Aut¹
716 1063 782 1140 quia
804 1071 888 1142 Deus

78 1149 130 1207 'eas
152 1161 218 1209 cum
238 1157 354 1218 mente,
376 1140 465 1216 ipsam
486 1139 609 1204 creando
624 1181 644 1219 ,ι
661 1141 817 1220 producat,
841 1141 887 1206 uel

83 1219 222 1298 producat
245 1223 484 1300 quotiescumque
503 1219 539 1284 de
559 1221 668 1300 objecto
694 1222 790 1302 aliquo
811 1224 888 1300 cogi-

83 1317 197 1369 tamus.
218 1305 281 1366 Aur
291 1302 357 1378 quia
367 1321 446 1364 mens
467 1300 495 1362 in
516 1303 547 1366 se
568 1301 887 1380 ipsapossideacomnes

82 1377 287 1458 perfedliones,
308 1382 428 1456 quasin
450 1382 512 1443 isus
532 1383 697 1459 corporibus
706 1382 803 1447 videt.
825 1387 889 1446 Aut

80 1460 206 1534 denique
225 1461 382 1535 quiamens
402 1461 520 1524 uniatur
542 1465 605 1533 enti
625 1457 890 1543 summeperlello,

84 1537 218 1622 quodque
238 1541 268 1602 in
288 1559 320 1603 se
339 1560 440 1603 omnes
461 1540 491 1602 in
500 1560 604 1616 genere
613 1543 890 1608 concludatentium

16 1675 26 1684 .
83 1620 269 1686 conditorum
288 1615 491 1698 perfedlioncs:
512 1619 562 1686 sed
574 1623 669 1686 l‘rimi
689 1641 814 1700 quatuor
830 1643 891 1686 mo-

1 1772 2 1775 *
79 1698 110 1762 di
130 1695 194 1763 falsi
216 1717 285 1764 sunt
308 1748 317 1778 ,
347 1721 414 1776 ergo
435 1718 564 1780 superest
586 1705 723 1788 quintus,
744 1705 792 1784 qui
814 1702 892 1766 solus
957 1731 961 1738 ·

80 1778 115 1848 ed
139 1781 283 1861 rationem
305 1781 439 1846 accedere
459 1781 593 1852 videtur,

125 1879 192 1932 3³9»
212 1861 253 1923 R.
274 1863 354 1928 Cum
376 1863 487 1926 Loclrio
516 1868 570 1928 hoc
598 1877 801 1937 argumentum
828 1871 892 1927 'esse

83 1934 119 2008 ad
141 1935 330 2012 ignorantiam
341 1955 469 2002 nostram
483 1942 702 2018 revincendam3
724 1955 891 2008 nonautem

84 2014 410 2086 admalebranchianum
426 2020 779 2091 systemastabiliendum.
801 2025 891 2086 Men·

1 2102 3 2110 ’
87 2114 148 2167 tem
158 2110 286 2161 nostram
303 2094 494 2174 imbecillem,
516 2095 549 2160 dt
569 2097 797 2180 limitatamesse
812 2120 891 2164 com-

84 2193 200 2260 pertum
220 2191 266 2238 est
289 2221 298 2253 ,
327 2177 374 2239 cui
395 2180 477 2242 Deus
499 2195 720 2259 necteretur,
752 2200 805 2246 nec
826 2178 892 2246 vult

1 2320 2 2326 ἵ
86 2273 187 2324 onmes
209 2275 274 2319 suas
296 2257 478 2336 operationes
498 2255 677 2336 patefacere.
708 2261 736 2332 Si
765 2279 833 2340 ergo
854 2286 890 2340 4,

83 2334 131 2398 rel
143 2339 342 2414 onypotheses
362 2333 503 2404 falsitatis
522 2341 725 2422 revincantur,
747 2363 805 2410 non
825 2341 890 2406 ideo

83 2415 140 2484 alia
161 2417 303 2496 quaepiam
324 2419 381 2481 erit
403 2421 562 2488 necessario
585 2443 684 2500 veta,
712 2425 766 2492 nisi
787 2419 892 2490 funda⁴¹

85 2511 186 2567 menta
205 2497 328 2576 habeat,
348 2499 451 2574 quibus
472 2503 571 2578 primae
591 2521 710 2575 carent.

127 2597 194 2650 340·
215 2580 288 2654 opp.
310 2603 339 2642 2.
361 2582 393 2640 ln
413 2601 449 2644 eo
471 2579 568 2652 elucet
589 2587 729 2662 sapientia
750 2631 759 2661 ,
787 2584 819 2652 ἀ
840 2605 891 2661 po·

86 2657 182 2722 tentia
202 2659 278 2734 Dei,
299 2675 333 2720 ut
353 2679 457 2736 magna
476 2661 567 2726 modis
586 2663 827 2742 simplicissimis,
856 2661 891 2731 dt

83 2733 227 2804 facillimis
248 2733 372 2802 efficiat:
393 2741 436 2804 sic
455 2740 514 2803 sola
530 2743 700 2806 extensione
709 2739 800 2808 efficit
809 2743 891 2822 quid·

84 2815 153 2894 quid
174 2817 338 2883 admirabile
366 2821 395 2885 in
424 2837 526 2883 natura
554 2821 702 2888 videmus.
731 2826 806 2902 Ergo
824 2845 897 2889 cum

1 2942 3 2948 .
84 2901 170 2969 Deus
189 2901 280 2976 possit
301 2920 349 2978 pet
369 2921 399 2964 se
419 2901 515 2968 omnia
540 2905 685 2968 mentibus
704 2904 893 2990 patefacere,

84 2979 267 3050 verosimile
288 3001 346 3043 non
367 2999 413 3046 est
432 2980 518 3045 aliter
537 3004 589 3048 nos
611 2983 788 3062 intelligere.

129 3079 194 3129 341.
218 3063 258 3128 R.
280 3062 307 3122 in
328 3081 364 3125 eo
384 3061 499 3129 elucere
518 3065 787 3145 sapientiamDei,
815 3061 894 3145 quod

85 3134 209 3230 breviori
230 3139 367 3220 quidem,
397 3137 612 3221 &simpliciori
633 3163 769 3222 operetur
788 3145 892 3226 modo,

82 3237 132 3294 qur
154 3234 253 3285 tamen
275 3239 371 3290 rerum
391 3225 503 3286 naturis
524 3245 681 3292 consonet.
709 3231 789 3310 Cum
808 3247 894 3308 porro

62 3331 63 3334 κ
83 3295 160 3366 ideas
170 3296 326 3374 producere
336 3303 544 3385 mentinostrae¹
561 3313 790 3376 consentaneum
799 3308 893 3374 omni-

86 3399 127 3441 no
145 3378 200 3457 sit,
223 3397 257 3442 ut
278 3376 559 3466 infraprobabimns,
581 3388 648 3460 llinc
672 3391 893 3460 montisvirtuti

85 3457 214 3528 idearum
241 3460 382 3538 originem
416 3461 575 3532 adscribere
608 3471 706 3547 potius
733 3469 893 3536 debemus.

85 3538 204 3613 Deinde
223 3563 284 3611 nou
309 3540 395 3608 video
415 3593 429 3630 ‚
452 3547 542 3622 quare
562 3549 664 3615 niodus
688 3571 708 3615 a
729 3551 895 3692 Malellsran·

146 3662 149 3668 ,
503 3631 532 3692 0
571 3652 591 3710 4
790 3628 856 3698 cio
