2370 4148
429 204 561 294 logica.
704 220 867 294 'vxpor

43 309 46 315 '
83 293 145 360 erit
165 293 269 359 erroris
290 291 416 368 audior,
446 295 469 354 si
499 293 575 354 cirea
603 293 930 365 corpomm‘cxisren·¹

69 380 161 441 =tiam
192 373 366 448 decipiamur
385 371 555 434 continuo.
598 371 702 434 Probat
725 373 880 446 paritatem
901 385 909 425 τ

84 481 146 520 non
167 455 271 518 minori
293 453 389 516 labore
408 449 554 528 judicavit
582 451 773 515 Cartesionus
795 473 913 530 corpore

84 557 146 600 non
168 537 327 610 existere,
355 551 388 594 ac
417 530 543 592 rusticus
576 530 672 592 niuem
702 539 759 596 non
790 553 857 595 esse
872 529 913 593 al=

85 617 175 694 bam3
193 632 261 690 ergo
282 612 307 674 si
326 611 470 686 rusticus,
490 625 596 685 putans
616 604 798 676 nivenlesse
818 613 912 675 albam

85 718 147 770 non
168 691 314 770 decipitur
334 711 351 753 a
369 695 439 753 'Deo
459 739 468 766 ,
497 709 549 750 nec
580 687 743 768 decipietur
763 692 911 755 Carresia-

88 791 146 836 nus
186 769 306 836 credens
345 770 473 833 existere
513 789 660 848 corpora,
700 779 766 847 quse
810 769 912 834 nullibi

82 870 180 919 sunt.
422 912 424 918 .

127 953 196 1006 209·
217 933 259 994 R.
281 926 409 1008 negando
429 928 600 1004 paritatem.
622 929 786 993 Nemeum
808 933 842 994 ad
865 937 914 994 lra-

84 1010 193 1076 bendas
216 1009 394 1074 sensationes
411 1057 420 1084 ,
436 1009 512 1070 ‘sive
535 1027 615 1071 veras
638 1057 647 1088 ‚
670 1011 733 1072 sive
752 1009 838 1076 falsas
862 1033 913 1073 ne«

84 1111 171 1156 cesse
190 1093 246 1170 sit,
266 1093 301 1152 'ut
324 1089 418 1166 aliqua
440 1087 603 1153 extrinseca
622 1107 710 1152 causa
730 1095 830 1154 sensus
850 1109 913 1162 mo·

67 1183 156 1241 ¹'reat
179 1187 310 1242 nostros2
334 1165 460 1247 profedlo
481 1169 504 1230 si
526 1167 612 1230 nullis
636 1171 829 1234 existentibus
849 1191 915 1233 eor·
963 1223 964 1226 ,

60 1264 73 1277 “
86 1253 202 1328 poribus
225 1301 234 1329 ,
264 1271 363 1313 eorum
385 1247 556 1329 haberemus
577 1251 757 1314 sensationes
777 1301 786 1331 ,
809 1241 935 1315 sDeus'

84 1331 151 1396 loco
172 1347 325 1409 corporum
345 1327 515 1398 immediate
533 1325 663 1392 afficiens
683 1348 788 1406 organa
811 1350 913 1400 nostra
1003 1357 1013 1366 s

86 1409 229 1478 continuo
249 1407 395 1486 deciperet
418 1423 469 1470 nos
491 1428 500 1488 ’,
522 1409 629 1486 absque
647 1431 684 1473 eo
704 1411 779 1487 quod
799 1410 835 1473 de
856 1415 933 1474 hoc·

86 1508 229 1568 perpetuo
249 1507 344 1553 errore
366 1511 416 1550 nos
438 1487 731 1556 commonefecisser.
761 1497 805 1555 At
835 1493 912 1567 quod

86 1572 267 1635 sensationes
296 1567 399 1632 multae
428 1567 573 1644 decipiant
607 1591 660 1633 nos
691 1572 770 1635 circa
791 1572 929 1637 modum¹

86 1650 231 1714 sentiendi
254 1700 263 1729 ,
294 1666 339 1712 est
371 1648 417 1711 hic
438 1667 517 1712 error
539 1667 622 1713 orrus
641 1671 677 1714 ex
697 1670 833 1715 sensuum
855 1655 913 1716 im-

86 1731 264 1808 becillitate,
286 1733 370 1809 cuius
391 1750 474 1809 mens
495 1729 690 1805 cognitionem
713 1733 809 1806 babet,
826 1732 911 1810 cujus

87 1812 174 1872 habet
199 1809 324 1872 remedia
347 1858 357 1886 ,
386 1826 535 1886 propterea
565 1811 590 1873 si
611 1810 679 1888 ipsis
700 1811 911 1890 assentietur,

86 1911 164 1957 error
184 1905 230 1952 est
251 1888 343 1965 menti
364 1886 585 1953 adscribendus.
887 1924 888 1928 =
915 1942 936 1966 χ

127 1992 196 2034 210.
227 1971 300 2028 lost.
329 1987 366 2030 ex
387 1967 499 2031 Maleb.
521 1969 533 2046 (
552 1968 585 2029 r‘n
602 1965 850 2034 illustrationibus
870 1964 913 2033 ad

86 2047 196 2128 librum
216 2045 379 2126 primum).
401 2047 500 2110 Posito
521 2067 692 2125 quecunque
713 2070 911 2114 sensuumno.
949 2088 952 2098 ,

86 2146 212 2192 strorum
234 2126 484 2206 renunciatione,
514 2126 608 2191 adhuc
636 2127 714 2196 liberi
745 2151 843 2194 sumus
863 2144 910 2193 as-

22 2243 23 2246 *
86 2230 202 2274 sensum
223 2207 277 2284 ipsi
298 2207 458 2286 praebere3
493 2209 516 2270 si
552 2227 620 2286 ergo
640 2209 693 2288 ipsi
714 2209 798 2274 fidem
821 2229 910 2288 praes·

86 2307 203 2369 tamus,
230 2289 276 2350 hic
295 2307 375 2351 error
395 2307 452 2348 non
474 2291 553 2368 Deo,
573 2286 623 2352 sed
642 2293 745 2356 menti*
758 2310 908 2357 assensum
1003 2337 1009 2358 a

85 2371 172 2436 libere
194 2367 346 2452 praestenti
368 2365 569 2434 adscribendus
588 2369 663 2434 erit.
751 2413 777 2430 ,‚
919 2389 933 2401 s

124 2455 198 2514 211.'
213 2449 254 2513 R.
270 2447 399 2524 negando
419 2466 534 2526 conseq.
555 2449 805 2538 Quemadmodum
826 2453 906 2516 enim

65 2549 208 2596 ¹summae
239 2529 297 2592 Dei
312 2525 444 2608 bonitati
465 2527 571 2594 nedum
592 2533 749 2612 opponitur
774 2535 907 2595 homines

84 2610 122 2674 ad
140 2607 248 2672 malum
269 2603 442 2685 compellere
463 2658 472 2686 ‚
503 2607 554 2674 sed
577 2615 668 2677 etiam
688 2611 803 2677 allicere
823 2633 832 2691 3
861 2609 905 2674 ite

25 2729 39 2748 s
84 2709 206 2756 summoe
235 2689 294 2752 Dei
327 2688 448 2752 veritati
476 2693 581 2754 nedum
610 2711 755 2772 repugnat
777 2693 806 2755 in
825 2711 906 2754 erro=

83 2793 144 2836 rem
164 2769 311 2850 conjicere
333 2819 342 2848 ,
364 2767 415 2835 sed
433 2770 523 2833 etiam
544 2771 708 2854 inclinare,
737 2770 812 2851 quod
841 2771 903 2835 evi·

84 2850 324 2916 decolorationis
344 2869 459 2914 certum
480 2851 633 2916 nobisest.
652 2857 904 2936 Jamveroquam·

82 2931 125 2995 vis
146 2953 228 2996 mens
249 2931 449 3006 constantibus
470 2979 479 3010 ‚
502 2931 606 2997 vividis
628 2985 637 3014 ,
658 2931 692 2998 dr
714 2930 906 2996 uniformibus

83 3012 294 3086 sensationibus
314 3011 405 3078 libere
424 3013 619 3094 assentiatur,
640 3015 677 3080 ad
699 3018 776 3077 hunc
801 3028 902 3076 tamen

83 3109 230 3154 assensum
256 3110 307 3157 est
336 3092 419 3156 valde
438 3093 574 3174 proclivis
594 3117 615 3174 ,·
632 3096 695 3174 ipso
715 3087 830 3158 fatente
850 3091 902 3154 ad-

2 3216 12 3222 ,
84 3170 209 3264 versario
227 3191 237 3247 ,·
265 3192 413 3249 propterea
434 3177 456 3238 si
478 3176 639 3256 decipitur,
670 3178 779 3260 'erroris
799 3195 903 3243 caussa

85 3265 141 3311 ent
162 3251 245 3312 Deus
267 3300 276 3328 ,
297 3254 346 3329 qui
366 3267 466 3320 sensus
488 3275 628 3336 perpetuo
648 3254 767 3323 fallaces
782 3260 900 3340 ,corpori

80 3325 251 3408 largiendo,
276 3349 407 3412 mentem
436 3334 473 3400 ad
500 3353 670 3416 perpetuam
697 3338 904 3412 deceptionem

80 3409 266 3475 inclinasset.
296 3411 380 3476 Adde
403 3411 497 3488 fidem¹
511 3417 546 3482 de
567 3439 719 3495 corporum
738 3421 911 3490 existentis

81 3505 173 3591 certos
188 3511 246 3592 ¹uos
267 3489 416 3574 reddere,
440 3495 517 3562 unde
548 3517 603 3558 non
637 3519 733 3574 posset
755 3505 839 3573 Deus
859 3500 906 3561 ci*

561 3575 576 3636 1
619 3598 635 3650 5
817 3599 865 3646 tra
