2338 4140
7 309 15 328 s
344 239 558 325 Metnplyficae.
778 267 832 321 323

7 305 25 350 ὤ
63 322 179 388 ninnem
201 323 224 388 si
246 319 346 386 falsam
367 323 488 402 dixeris,
520 344 637 390 certum
658 339 761 390 tamen
782 325 874 390 adbuc

7 409 19 503 ᾗ
62 405 118 466 erit
144 403 223 468 ideas
243 403 442 482 universales,
471 403 504 469 dt
527 404 689 472 abstradlas
709 428 726 472 o
746 407 876 472 sensibus

63 481 148 560 oriri,
170 501 203 546 ut
226 483 292 546 alibi
316 483 442 548 diximus
465 490 477 564 (
498 507 524 550 n.
550 509 601 560 3or
628 486 659 560 l.
877 496 881 506 ’

17 570 24 598 ’
105 587 170 638 349·
191 569 300 639 Opps.
322 567 383 626 Nos
407 567 512 629 babere
533 565 626 629 ideam
651 564 780 643 infiniti,
799 586 878 630 eam·
938 639 941 644 ¹

7 623 25 724 ξε
63 664 119 718 que
140 661 256 706 omnem
277 641 351 705 liniti
383 640 478 708 ideam
506 641 792 722 antevertetepsed
816 650 878 707 haec
919 639 937 648 ”

7 730 26 824 '3’
62 724 129 786 idea
151 743 207 786 non
228 720 343 797 aliunde
365 727 446 787 nobis
475 743 629 801 suppetere
651 723 768 804 potest,
790 747 884 806 quarn

7 785 27 859 ¹.'
63 823 100 870 ex
121 803 228 864 unione
249 823 314 865 tum
337 807 421 882 Deo,
442 825 510 880 ergo
530 799 589 876 &c

7 861 29 950 nt
106 903 172 956 350.
195 885 235 944 R.
254 905 290 950 ex
311 883 376 950 alibi
395 883 477 946 didlis
499 884 547 954 (n.
567 881 644 960 303)
665 880 760 949 ideam
784 883 880 948 infini-

9 945 28 997 ἦ
64 963 89 1026 ti
109 965 138 1024 in
163 961 244 1026 nobis
271 967 453 1031 existentem
483 963 551 1026 oriri
577 985 593 1025 a
622 963 706 1024 rebus
728 961 879 1040 infinitis,

7 1021 29 1146 '¹:²2
64 1065 132 1111 cum
163 1043 201 1105 sit
222 1047 387 1122 negativa,
417 1063 506 1121 atque
527 1040 790 1131 imperfedlissima,
823 1065 880 1108 non

8 1181 17 1225 ⁶
63 1144 164 1192 autem
197 1125 364 1187 immediate
384 1147 400 1188 a
422 1129 507 1188 Deo.

8 1234 39 1290 ,p
105 1227 173 1280 351·
193 1209 397 1282 opponens
418 1207 447 1268 in
470 1204 626 1269 adlionibus
637 1203 697 1266 suis
708 1223 766 1264 non
788 1201 880 1270 aliunt

63 1287 163 1348 habuit
185 1283 289 1360 linem,
309 1306 395 1360 quam
418 1287 564 1362 seipsum,
594 1285 693 1349 omnia
714 1284 790 1345 enim
812 1302 880 1360 pro-

7 1348 28 1387 Μ’
62 1383 130 1444 pter
148 1367 442 1440 seipsumopcratus
461 1371 614 1445 estDens,
636 1385 703 1442 ergo
719 1365 808 1425 etiam
820 1365 880 1426 ani-

7 1428 27 1512 ιε’
63 1466 142 1511 inam
163 1461 280 1520 propter
298 1446 422 1522 seipsum
441 1444 588 1522 condidit,
609 1465 676 1522 ergo
686 1461 822 1526 oportet,
844 1461 879 1508 ut

7 1509 27 1608 '⁸‘
62 1523 201 1604 quaelibet
221 1523 326 1590 animae
346 1525 474 1601 cognitio
497 1527 524 1588 in
537 1529 637 1590 Deum
658 1522 780 1604 tendat,
802 1522 879 1588 idest

7 1589 37 1686 fl*
64 1606 191 1672 utDeus
212 1604 251 1668 sit
272 1603 403 1667 naturale
414 1623 520 1674 nostrae
530 1603 876 1682 cognitionisobjedlum,

10 1670 27 1741 i?
58 1683 303 1762 quemadmodum
325 1701 371 1754 est
393 1684 525 1750 naturale
548 1686 641 1749 nostri
672 1685 777 1746 arnonis
801 1686 878 1760 obje-

7 1727 26 1798 (ἃ
61 1767 160 1836 tium:
188 1764 237 1825 sed
269 1762 334 1830 talis
357 1773 540 1846 non‘esset,
571 1769 624 1828 nisi
645 1765 741 1827 anima
764 1765 878 1826 videret

7 1827 25 1883 '²
61 1846 159 1907 omnia
174 1845 210 1905 ·in
235 1847 320 1922 Deo,
341 1865 408 1920 ergo
428 1843 488 1908 &c
510 1845 658 1921 Secundo,
680 1863 761 1904 mens
782 1843 879 1919 plures

7 1876 39 1983 s'l
61 1924 182 2002 percipit
212 1939 366 1999 aetcrnas,
405 1922 438 1986 dt
477 1924 672 1989 immutabiles
708 1924 878 2002 veritates,

7 1988 38 2092 {ll
53 2007 152 2082 ‘igitur
173 2023 206 2065 ea
229 2003 323 2078 ratio,
345 2023 401 2077 qua
424 2007 494 2067 istas
516 2002 703 2078 intelligimus
722 2005 879 2068 eritaeter-

8 2048 38 2133 '1⁶¹
62 2107 119 2161 na,
146 2081 178 2146 dt
201 2081 385 2144 immutabilis
407 2101 415 2164 3
452 2079 500 2146 sed
531 2081 694 2167 hujusmodi
721 2099 768 2144 est
796 2082 876 2146 solus

8 2152 38 2248 ζ’·
61 2170 164 2245 Deus,
186 2183 253 2237 ergo
272 2163 331 2228 dte.

8 2227 37 2299 π]
106 2266 170 2318 352·
194 2247 234 2310 R.
257 2249 382 2310 Ornnem
404 2244 505 2320 utique
526 2241 722 2323 cognitionem
746 2259 875 2308 nostram

9 2391 10 2395 ,
35 2312 38 2349 l
63 2323 182 2389 tendere
211 2325 239 2386 in
275 2328 372 2388 Deum
402 2325 534 2404 debere,
562 2341 708 2408 quatenus
738 2325 767 2385 in
797 2321 876 2392 milla

16 2366 39 2491 ’l
61 2424 160 2476 creata
181 2405 349 2482 cognitione
367 2427 447 2470 mens
470 2407 581 2484 debet,
613 2421 762 2480 tamquam
783 2403 811 2466 in
834 2403 879 2468 ul·

9 2495 38 2559 ,ξ’
63 2489 139 2550 timo
160 2484 219 2549 fine
239 2488 459 2566 conquiescere:
481 2488 567 2552 sicuti
589 2483 700 2564 objedla
715 2503 810 2552 ereata
832 2485 876 2551 ita

9 2567 22 2642 ζ’
61 2588 159 2634 amare
180 2564 316 2634 debemus
376 2585 410 2630 ut
432 2569 552 2646 quilibet
572 2589 652 2630 amor
673 2570 772 2628 Deum
801 2583 876 2627 tam-
920 2631 922 2635 ,

9 2641 21 2724 s
62 2669 150 2724 quam
173 2645 310 2708 ultimum
332 2617 419 2710 linem
445 2650 597 2724 respiciat.
626 2651 711 2708 Porro
740 2650 792 2708 hoc
817 2666 874 2707 non

10 2723 20 2804 ζ
62 2725 174 2804 tollit,
203 2728 271 2800 quin
295 2725 402 2802 objedla
426 2728 454 2787 in
488 2729 559 2792 ideis
590 2729 698 2792 nostris
718 2747 875 2802 cognosca-

10 2817 17 2906 ᾗ
63 2829 147 2883 mus,
169 2827 238 2882 quas
259 2804 337 2870 ideas
360 2803 393 2865 ad
413 2811 510 2870 Deum
533 2828 680 2886 tamquam
703 2807 874 2884 adprimum

10 2945 23 2964 „
62 2909 158 2954 terum
179 2887 308 2948 omnium
331 2886 499 2961 principium
522 2885 696 2954 referamus.

10 2970 17 2998 ⁸
106 2989 175 3044 353·¹
193 2966 239 3046 Ad
260 2965 405 3031 alterum.
435 2965 585 3032 Veritates
607 2969 782 3038 necessarie
804 3015 813 3043 ,
842 2963 875 3030 dt

65 3039 286 3124 immutabiles,
305 3067 375 3121 quas
399 3045 586 3122 percipimus,
608 3069 666 3110 non
689 3050 819 3124 probant·
830 3069 876 3109 ra·

11 3135 17 3166 ⁵
64 3128 174 3190 tionem
186 3141 315 3186 nostram
326 3125 456 3188 absolute
466 3124 655 3189 necessariam
678 3147 741 3190 esse
750 3130 874 3208 debere,

11 3204 17 3215 '
63 3207 96 3278 ὃς
117 3203 344 3280 immutabilem,
365 3205 414 3267 sed
436 3219 552 3266 tantum
575 3201 641 3264 talis
657 3223 721 3266 esse
742 3225 868 3283 naturae,

12 3286 15 3363 J
65 3305 98 3352 ut
120 3283 267 3348 evidentia
289 3287 449 3347 necessario
468 3297 638 3361 cognoscat.
662 3285 779 3346 Revera
801 3291 874 3350 varii

12 3367 15 3440 f
62 3367 236 3445 cognitionis
264 3364 396 3445 gradus,
424 3365 525 3442 quibus
555 3361 684 3425 homines
713 3365 875 3437 percipiunt

12 3449 13 3468 ¹
65 3471 153 3524 vera,
173 3446 205 3510 dt
226 3445 431 3510 immutabiliia
453 3495 461 3524 ,
489 3463 598 3510 errores
617 3443 730 3518 etiam,
752 3442 781 3503 in
802 3463 874 3516 quos

12 3540 13 3544 ’
67 3529 218 3610 aliquando
239 3529 394 3606 labuntur,
415 3525 482 3588 dum
504 3547 537 3588 ea
558 3539 755 3602 cognoscunt,
778 3539 874 3585 osten·

468 3615 495 3669 O
536 3615 554 3670 ὁ
762 3601 834 3666 dunt
