2370 4148
375 189 583 274 Metapbysicae
827 213 883 264 rat

110 269 189 353 melo
210 271 328 350 physico
348 270 485 347 plectere.
506 278 534 339 si
558 293 615 336 non
637 269 787 348 praevidit,
821 271 926 338 saltem

107 353 241 433 ptaevidit
264 349 484 428 possibilitatem
506 355 573 417 mali
593 351 727 426 moralis,
757 371 844 427 ergo,
878 371 939 423 urn-

31 491 32 494 ,
103 447 172 508 porc
194 433 284 494 bonus
306 449 412 510 pater,
441 433 540 498 debuit
570 433 688 496 liberum
711 432 833 493 hominis
854 432 927 493 arbi·

1 513 2 548 ³
103 513 193 576 trium
214 513 250 576 ad
270 511 376 574 bonum
396 511 607 592 determinate,
639 512 715 576 sicut
735 510 811 573 idem
831 509 927 576 deton-

1 599 2 616 ³
104 593 231 655 lninauit
254 590 289 653 ad
310 589 417 654 bonurn
438 594 604 670 physicum,
625 593 654 654 in
675 611 733 668 quo
755 589 834 652 nulla
855 588 927 654 luis·

105 667 150 735 set
170 669 251 734 laesio
273 673 407 734 humnnae
436 669 606 752 libertatis,
637 689 672 734 ur
701 686 784 746 patet
812 671 842 732 in
864 673 926 748 jus-

102 753 141 814 tis
173 747 283 813 efficaci
314 750 404 826 gratia
431 749 467 814 ad
497 752 604 814 bonum
634 749 722 813 libere
749 749 927 826 operandum

37 852 39 858 ’
100 827 322 894 determinatis.
352 834 392 892 Et
412 849 531 894 revera:
562 828 607 893 vel
628 833 711 892 Deus
735 827 853 892 liberum
873 834 925 892 ho·

66 977 68 983 ,
101 909 173 972 mini
195 908 274 973 dedit
295 909 442 972 arbitrium
465 927 614 986 tamquam
633 929 695 971 suae
720 907 859 972 bonitatis
878 907 924 973 ef-

100 983 227 1068 fectum,
249 987 295 1051 vel
318 1009 391 1050 non:
411 987 688 1054 hocsccundumest
710 983 835 1048 falsum:
852 1007 921 1065 ergo

101 1067 202 1132 debuit
225 1067 285 1132 tale
306 1068 456 1132 arbitrium
468 1071 530 1147 ipsi
550 1068 618 1132 dare
636 1118 645 1146 ‚
674 1065 752 1144 quod
782 1064 817 1128 ad
836 1085 923 1132 aetcr-

1 1171 2 1216 ξ
66 1219 72 1229 ,
104 1169 172 1210 unm
195 1149 315 1228 viram,
345 1169 403 1211 non
423 1147 459 1212 ad
479 1149 694 1212 damnationem
714 1144 921 1226 conduceret2

1 1243 2 1248 ’
101 1249 165 1291 curn
188 1225 374 1292 bencfalloris
394 1228 433 1292 sit
455 1229 551 1292 omnia
574 1227 694 1306 facere,
727 1243 762 1291 ut
783 1225 923 1291 beneficio

100 1303 215 1379 felicem
236 1306 336 1372 reddat
356 1327 440 1384 eum,
466 1310 514 1372 cui
533 1307 699 1372 confertur.

126 1407 187 1462 ¹95.
208 1389 244 1448 R.
266 1406 404 1463 utsupra
425 1388 531 1451 dilium
564 1387 640 1452 fuir:
671 1409 728 1448 nnn
761 1407 844 1462 posse
866 1389 919 1450 ha·

98 1465 157 1528 bcri
178 1467 318 1528 mundum
338 1469 401 1531 sine
420 1489 466 1531 rna
474 1468 501 1531 lo
523 1468 737 1546 metaphysico,
758 1485 916 1542 tumquae-

97 1545 168 1608 liber
189 1563 340 1624 creatura,
361 1565 395 1608 ut
416 1549 686 1625 pote‘contingens,
705 1543 739 1610 δε
755 1545 917 1623 dependens

96 1625 132 1689 ab
152 1625 264 1690 infinita
295 1623 469 1702 perfectione
495 1627 601 1692 debeat
632 1625 784 1690 deficere.
815 1629 919 1704 ltaque

94 1721 160 1770 tum
182 1709 269 1768 homo
289 1727 326 1770 ex
347 1723 449 1770 natura
470 1727 522 1774 sua
544 1707 663 1784 finitus,
688 1727 722 1770 ac
743 1705 913 1785 limitatus,

101 1786 163 1850 sive
184 1785 324 1862 erroribus
345 1787 508 1866 obnoxius,
532 1805 596 1854 tum
618 1787 754 1862 rarione,
778 1803 812 1846 ac
831 1784 916 1847 liber-

94 1879 158 1932 tate
178 1863 333 1931 intrinsece
353 1866 489 1944 praeditus
511 1869 553 1931 ita
574 1887 641 1932 cum
664 1865 725 1928 aliis
733 1862 917 1940 {quibuscum
975 1929 978 1932 ,

95 1963 151 2020 que
171 1945 328 2022 creaturis,
350 1951 382 2008 in
403 1950 457 2010 hoc
486 1946 592 2026 mundo
623 1943 816 2008 existentibus
843 1963 915 2010 con-

94 2043 186 2086 nexus
208 2025 264 2101 sit,
285 2039 319 2086 ut
339 2025 374 2087 ab
393 2027 432 2088 iis·
448 2023 543 2102 affici,
565 2027 599 2088 iis
620 2025 683 2102 uti,
706 2025 734 2084 in
756 2020 819 2084 illas
842 2041 912 2100 age-

95 2123 127 2166 re
157 2102 278 2181 debear,
299 2103 377 2178 quod
403 2105 493 2182 exigit
522 2105 649 2168 universi
677 2103 794 2178 unitas,
824 2120 914 2178 atque

92 2179 260 2261 perlellio,
288 2203 406 2249 neccsse
427 2201 492 2264 est,
527 2202 562 2248 ut
592 2180 744 2246 infallibile
773 2180 914 2258 juditium

90 2261 195 2324 habere
216 2279 362 2342 nequeat,
383 2285 416 2327 ac
436 2279 648 2341 consequenter
669 2262 699 2324 in
720 2261 828 2325 malum
848 2285 912 2326 mo·

92 2340 155 2406 tale
182 2339 240 2405 labi
267 2339 406 2408 facillime
436 2345 546 2422 possit,
567 2343 641 2406 adeo
662 2359 697 2406 ut
725 2345 789 2407 haec
817 2341 913 2419 lapsus

92 2419 221 2486 facilitas
241 2443 258 2484 a
280 2427 348 2486 Deo
368 2421 432 2488 tolli
453 2445 510 2486 non
534 2424 663 2502 potuerit
676 2423 766 2499 ,nisi
785 2423 915 2486 hominia

40 2505 44 2510 ’
94 2499 253 2566 immutata
275 2519 400 2566 natura:
420 2504 487 2566 hinc
507 2503 603 2583 ajebat
613 2507 652 2567 D.
662 2501 780 2565 Basilius
801 2504 910 2578 (Tem.

93 2581 274 2659 superum:
311 2583 428 2664 uisquir
436 2582 615 2650 conditorem
625 2578 824 2658 reprehendis,
832 2579 913 2662 quod

91 2681 148 2724 non
167 2677 275 2724 natura
287 2665 344 2724 iter
363 2663 474 2739 peccari
494 2683 548 2726 nos
568 2660 844 2740 aspernamini,
866 2661 911 2721 ni·

46 2811 51 2820 k
90 2737 133 2804 hu
153 2739 244 2819 aliud,
265 2741 324 2804 nisi
330 2741 469 2803 'rationis
488 2755 636 2819 expertem
655 2751 794 2802 naturam
815 2741 907 2803 ratio·

90 2819 151 2890 nali
172 2817 313 2902 praefert,
334 2818 377 2893 l?
397 2818 587 2896 immobilem,
608 2833 639 2882 ar
661 2838 695 2882 ue
704 2816 851 2898 impulsu,
872 2838 908 2884 at
940 2895 943 2902 ἢ

22 2925 30 2932 -
88 2902 265 2978 appetitione
285 2901 468 2964 carentena·
478 2949 486 2977 ,
507 2919 573 2980 quae
592 2837 741 2975 elellione,
760 2895 803 2970 ly
822 2895 910 2962 allio-

90 2999 125 3042 nc
145 2978 272 3056 predita
293 2995 355 3044 est.
378 2985 420 3043 At
442 2983 561 3057 inquis:
583 2979 680 3058 potuit
703 2981 786 3041 Deus
826 2975 907 3043 salva

89 3056 245 3202 kibertatc,
274 3081 309 3125 ac
341 3061 465 3124 hominis
487 3076 592 3124 natura
613 3059 705 3140 ipsum
734 3056 770 3118 ad
798 3055 908 3129 bonum

89 3141 195 3229 ,uetes
218 3139 262 3200 uti
283 3156 364 3216 patet
387 3142 416 3202 in
436 3141 524 3220 justis
543 3135 654 3204 efficaci
675 3137 769 3214 gracia
799 3137 834 3198 ad
855 3139 905 3202 bo-

87 3231 159 3279 num
179 3215 267 3280 libere
286 3220 461 3296 operandum
481 3219 698 3286 determinatis.
732 3215 763 3276 ld
783 3215 901 3292 quidem

1 3313 2 3352 i
82 3293 182 3376 potuit
211 3297 312 3374 Deus,
343 3319 414 3375 nego
443 3319 541 3364 tamen
569 3298 598 3363 id
620 3295 718 3361 fatere
747 3295 899 3362 debuisse:

1 3397 2 3402 ¹
81 3398 150 3440 nam
178 3375 207 3440 st'
236 3375 317 3439 mula
344 3377 425 3440 nulla
444 3395 542 3444 essent
564 3381 595 3442 in
616 3375 728 3454 rebus(
749 3375 844 3455 inquit
862 3384 902 3442 ’8.

0 3503 1 3508 1
81 3461 210 3522 Thomas
231 3473 333 3522 contra
353 3457 489 3526 Gentiles
509 3459 558 3526 lib.
566 3462 750 3538 lll,cap.7r
768 3457 804 3538 )‚
825 3461 903 3520 ntuli

121 3533 392 3614 Altirril'biffl.
550 3539 643 3722 χ1,
797 3539 864 3608 tute

196 3764 222 3821 s
581 3737 596 3836 l
