2370 4148
285 341 341 410 nei
422 365 424 370 ·
505 333 514 373 ·'
559 309 729 399 &lementa

499 413 662 480 minuatur
681 409 815 496 uiridia.

285 595 352 646 ns·
371 583 444 652 opp·
467 601 496 641 ι.
518 573 578 638 Dci
599 574 827 646 immensitatem
848 593 864 636 a
887 570 966 636 nobis
986 585 1060 635 con-

243 651 300 728 cipi
324 673 384 714 non
405 675 508 732 posse,
530 653 600 728 quin
620 653 752 718 dicamus
781 655 879 716 Deum
908 645 1064 720 coercendi
1139 655 1151 671 ²

243 729 361 796 infinito
379 736 497 813 spatio,
515 732 645 810 adeoque
665 754 727 817 esse
748 750 919 812 extensum,
943 729 974 796 dt
994 751 1059 795 cor-

264 832 383 874 oteum.
687 833 693 842 ·
902 843 905 850 ,

243 831 263 890 p
288 913 354 955 120.
374 895 414 956 R.
436 896 592 956 humanam
613 907 745 956 mentem
767 888 879 954 finitam
901 941 911 970 ,
932 891 973 956 iac
1001 887 1064 954 bre·

237 971 392 1034 ‘vissimum
410 993 515 1049 capere
537 993 594 1036 uon
616 993 715 1050 posse,
736 970 882 1046 quomodo
918 976 1001 1036 Deus
1024 974 1063 1035 sir

243 1051 471 1132 omniptaesens,
491 1051 527 1116 de
549 1072 607 1128 quo
635 1047 727 1114 fusius
754 1047 908 1127 disputant
939 1049 1065 1116 Theolo-

238 1131 293 1213 gi.
320 1129 396 1192 Illud
426 1129 633 1196 tantummodo
663 1131 709 1194 hic
738 1127 961 1210 adnotabimus,
982 1129 1061 1207 quod

243 1210 362 1274 monuit
383 1213 422 1273 i).
444 1211 626 1287 Augustinus
648 1210 755 1286 (epist.
779 1205 855 1284 „iz
876 1213 912 1271 In
932 1212 1058 1288 eoipso,

243 1287 324 1372 auae
341 1287 467 1366 dicitur,
497 1295 574 1354 Deus
594 1287 752 1370 esaabrqua
780 1285 930 1367 diffissus,
948 1288 1063 1351 carnali

245 1365 444 1431 resistendam
465 1384 509 1431 ast
528 1369 715 1450 cogitationi,
736 1366 869 1442 &meas
889 1390 907 1429 a
928 1365 1065 1446 rensibus

243 1448 392 1524 corporeis
412 1445 577 1524 avocanda,
598 1467 632 1510 nc
649 1449 740 1528 quasa·
759 1447 894 1526 spatiosa
911 1449 1064 1530 magnitu·
1165 1463 1177 1476 ¹·

244 1525 313 1612 dine
334 1527 486 1604 opinemur
503 1533 600 1590 Deam
620 1545 674 1606 per
689 1525 792 1602 canna
812 1522 956 1608 diffundi,
989 1528 1066 1590 sicut

239 1607 344 1691 sumus
383 1626 435 1668 aar
455 1625 518 1686 aer,
538 1621 590 1668 aut
602 1603 725 1671 lanista
745 1603 939 1688 difflenditur.
961 1607 1065 1672 omnis

242 1685 323 1750 enim
341 1653 505 1763 driusands
524 1685 694 1770 magnitudo
714 1689 809 1750 minor
825 1700 871 1748 cst
887 1686 919 1747 in
933 1688 984 1746 sui
991 1703 1064 1760 par-

244 1780 292 1842 re,
313 1781 403 1844 quam
421 1765 452 1828 ia
472 1779 556 1843 roa03
575 1764 630 1829 sed
643 1769 686 1829 ita
699 1767 816 1847 potius,
839 1765 927 1826 sicuti
944 1779 988 1826 est
999 1783 1063 1826 ma-

241 1861 302 1926 gna
322 1845 471 1922 sapientia
492 1845 583 1912 ctiam
603 1847 634 1910 in
652 1841 785 1922 humine,
811 1839 893 1920 cujus
923 1858 981 1910 cst.
997 1861 1063 1908 cur-

244 1939 304 2006 pus
323 1940 468 2002 paruum.

288 2010 497 2086 12n0ppu.
518 2011 552 2072 lo
571 2003 779 2082 sacrissliteris
806 2003 927 2082 legimus
958 2012 1060 2072 Deum

246 2085 504 2154 movendarum
528 2087 692 2170 inlocum,
723 2105 795 2167 pute
825 2081 998 2150 descendere
1026 2079 1065 2145 de

248 2163 338 2226 Coelo
371 2169 407 2230 ,in
428 2189 486 2245 quo
507 2169 644 2248 habitat,
661 2168 795 2234 recedere
822 2167 858 2232 ab
878 2165 971 2240 impiis
1001 2158 1062 2226 dte.

247 2243 329 2308 Dein
349 2268 366 2310 o
387 2246 540 2312 absurdum
568 2247 685 2311 videtur
711 2248 840 2312 divinam
877 2246 1063 2321 majestatem
1168 2225 1180 2264 '¹

249 2322 454 2390 sordidissimis
473 2329 564 2390 etiam
587 2326 659 2388 iocis
679 2345 743 2388 esse
764 2338 953 2398 praesenrem.
1019 2339 1028 2412 ι’

272 2421 355 2462 ἀι.
374 2405 413 2463 Κ.
432 2421 468 2464 ca
488 2405 644 2477 Scripturae
665 2402 825 2464 testimonia
845 2417 903 2457 non
922 2413 988 2457 esse
1017 2417 1064 2456 rn-

247 2476 401 2552 colligenda
420 2477 548 2541 demoto
570 2477 672 2556 locali,
693 2477 744 2540 sed
762 2477 799 2540 de
816 2472 985 2550 specialibus
995 2474 1061 2549 qui.

247 2556 367 2620 busdam
388 2558 447 2620 Dei
468 2557 617 2635 operibus,
639 2557 711 2620 adeo
731 2573 767 2620 ut
786 2553 901 2622 dicatur
921 2557 1004 2618 Dens
1023 2551 1062 2618 de

247 2633 339 2703 leo
358 2631 531 2702 descendere
551 2657 618 2700 cum
639 2634 746 2713 aliquid
772 2637 848 2712 (air
879 2639 916 2699 D.
938 2638 1062 2715 August.

248 2713 299 2781 lib.
323 2728 357 2778 tn
379 2711 414 2780 de
432 2717 498 2782 Ciu.
515 2715 572 2779 Dei
591 2733 655 2794 cap.
679 2715 715 2792 5)
736 2711 827 2780 faciat
848 2715 877 2776 in
897 2729 1060 2790 terraprae-

249 2813 297 2859 ter
319 2796 461 2860 usitatum
481 2813 594 2860 natura:
610 2796 758 2878 ordinem,
779 2793 1062 2876 quodejuspraesen·

251 2875 324 2936 tiam
343 2874 480 2950 peculiari
501 2873 628 2954 quodam
649 2876 734 2942 modo
752 2875 950 2942 demonstret.
969 2870 1059 2936 Sedet

251 2970 352 3017 autem
373 2953 403 3016 in
423 2955 522 3036 caeiis,
541 2956 654 3024 habitat
677 2958 706 3020 in
729 2955 863 3036 templis,
883 2953 949 3031 quia
972 2951 1061 3015 inhi-

251 3054 300 3100 sce
321 3031 390 3097 locis
411 3037 555 3114 praecipue
575 3059 658 3102 suam
678 3054 794 3103 exercet
815 3035 998 3110 bonitatem,
1023 3047 1059 3096 ac

251 3115 500 3202 misericordiam,
515 3117 625 3183 recedit
646 3117 681 3180 ab
702 3117 815 3194 impiis,
836 3135 853 3176 a
875 3111 977 3189 quibus
997 3131 1059 3178 suae
1119 3157 1122 3164 ,

253 3195 357 3275 grotiae
379 3217 498 3261 munera
517 3193 635 3276 aufert3
656 3199 685 3259 in
708 3196 791 3275 justis
810 3193 924 3257 habitat
953 3193 1062 3270 gratio-

168 3301 171 3308 *
253 3296 286 3342 se
305 3295 422 3340 suorum
443 3277 644 3341 beneficiorum
666 3273 835 3352 largitione.
856 3277 902 3335 lta
923 3292 993 3336 sane
1013 3285 1063 3336 ex·

252 3352 382 3432 plicando
402 3373 470 3419 sunt
492 3357 622 3434 opposita
644 3355 829 3432 testimonia,
853 3373 919 3416 cum
940 3373 975 3417 er
1004 3350 1062 3417 alin

245 3437 337 3513 'perte
364 3436 423 3496 Dei
451 3436 638 3505 immensitas,
660 3436 691 3498 in
722 3436 810 3499 sectis
838 3431 930 3496 literis
961 3431 1070 3509 ubique

261 3512 499 3582 commendetur.
722 3534 724 3542 ’
781 3521 785 3530 ’

300 3613 364 3684 123.
387 3592 595 3662 Adulterum.
617 3592 777 3676 spiritualis
799 3606 904 3660 natura
923 3589 980 3656 Dei
1004 3590 1068 3654 nul·
1166 3599 1176 3606 “

926 3747 930 3772 ¹
972 3669 1032 3736 laus
