2338 4140
354 469 583 558 Metapbysicae'.
828 499 883 556 ³⁴7
930 527 935 535 .

115 551 209 636 dam,
228 563 301 621 tun'c
323 555 431 622 dicitur
449 561 575 624 sentire.
594 562 672 624 Cum
693 573 764 623 teto
783 555 927 638 obiedlum

115 637 234 717 percipit
255 637 357 702 absens
378 639 570 702 obintcrnum
589 641 743 718 spirituum
759 639 929 704 animalium

115 739 265 794 motum„
287 718 395 782 dicitur
413 720 572 800 imaginari
592 725 605 797 i
616 721 730 804 Logicae
749 739 776 783 n.
790 719 846 794 b).

157 820 224 871 443·
246 797 380 862 Facultas
402 797 574 875 imaginindi
598 817 720 863 vocatur
741 800 930 882 imaginatio,

118 877 164 942 vel
186 873 365 956 phantasia3
383 878 448 942 idea
473 899 542 944 veto
572 881 608 944 ab
634 881 839 958 imaginatione
867 895 932 958 pto-

57 1028 61 1032 ·
116 953 199 1020 duda
221 955 382 1035 appellatur
400 954 593 1040 phantasma.

46 1040 54 1054 “
158 1061 228 1110 444.
247 1038 381 1102 Faculcas
402 1037 498 1101 denuo
520 1037 666 1116 cogitandi
686 1039 744 1117 jam
764 1037 822 1103 alia
853 1037 933 1115 cogi-

116 1132 180 1182 tata
202 1139 268 1181 cum
289 1115 551 1182 animadvertentia
574 1121 681 1184 veteris
712 1119 932 1197 cogitationis,

115 1199 258 1262 memoria
276 1215 475 1276 nuncupatur.
496 1203 597 1286 Quare
616 1199 759 1263 memoria
787 1197 845 1261 duo
874 1199 934 1260 exi·

117 1279 176 1356 git,
200 1282 304 1356 nempe
331 1274 505 1344 facultatem
533 1277 740 1356 reproducendi
768 1279 871 1356 ideas,
899 1277 933 1342 dt

119 1354 294 1424 facultatem
315 1380 365 1424 eas
389 1359 629 1440 recognoscendi,
654 1378 809 1438 perquam
837 1373 949 1438 poste--

117 1438 222 1504 tionem
245 1443 417 1504 memoriam
449 1438 486 1502 ab
514 1441 721 1524 imaginatione
736 1440 935 1515 distinguitur.

55 1578 57 1584 ,
158 1543 226 1592 445·
245 1517 388 1584 sciatur.
410 1525 484 1582 Cum
505 1520 619 1584 habitus
641 1522 682 1582 sit
704 1517 856 1602 facilitas,
875 1515 936 1599 fine

118 1598 320 1675 promptitudo
340 1598 380 1661 ad
398 1598 545 1677 ponendos
564 1598 645 1662 ailus
655 1619 725 1664 orta
743 1621 779 1664 era
782 1597 934 1681 frequenti

118 1676 234 1742 abluam
254 1677 381 1748 eiusdem
399 1681 516 1761 generis
533 1678 721 1759 repetitione,
742 1680 936 1758 uertloquen-

118 1757 155 1822 dn
175 1761 316 1822 memoria
336 1777 392 1823 non
411 1774 455 1822 ert
476 1761 605 1836 potentia
626 1759 662 1824 ab
674 1758 817 1825 intelidiu
837 1761 937 1824 dinar-

119 1860 174 1916 sa,
202 1837 255 1902 sed
282 1838 403 1922 quidam
429 1836 548 1903 babitus
574 1843 780 1906 exercitatione
807 1839 936 1920 acquisi-

119 1935 186 1982 tus.
208 1923 247 1981 Et
268 1935 344 1984 certe
364 1920 506 1984 memoria
519 1913 561 1994 fit
580 1920 747 1998 excolendo,
771 1915 832 1998 five
852 1938 936 1981 euer-

63 2075 65 2082 s
114 2000 193 2062 citio
211 2002 393 2081 acquiritur,
421 1995 580 2064 attentione
602 1998 640 2081 fit
669 1999 849 2078 diuturnior,
886 1995 936 2064 dt·
969 2067 970 2070 ,

81 2107 82 2110 “
121 2077 270 2142 suetudine
290 2078 480 2160 debilitatur,
503 2099 604 2143 rerum
623 2077 806 2152 multitudine
833 2073 936 2142 obtem·

120 2157 218 2234 ditur,
237 2179 305 2222 cum
326 2177 448 2236 torpore
460 2157 524 2240 jati
543 2175 630 2238 atur,
651 2159 700 2223 nei
719 2157 863 2236 virescit,
882 2176 936 2220 un-

120 2233 154 2302 dt
173 2234 260 2302 habet
278 2239 344 2304 veri
362 2235 482 2301 babitus
501 2179 704 2315 abaraneres,
721 2236 804 2318 cujus
824 2251 868 2302 est
889 2238 936 2301 t'n·

119 2317 218 2398 tendi,
238 2337 272 2380 ac
292 2319 421 2386 remitti.
1013 2339 1016 2346 ¹

19 2464 34 2488 '
123 2479 382 2544 PROPOSITlo.
402 2474 530 2558 Physica
549 2479 698 2548 memorie
719 2441 884 2554 caussa'etr
894 2472 935 2559 Ji·

159 2557 318 2623 brillarum
336 2557 446 2624 cerebri
460 2558 676 2642 flexibilitate,
698 2580 765 2644 que
783 2579 838 2644 ptr
853 2579 940 2626 teet«

162 2640 265 2702 citium
284 2640 471 2725 acquiritur,
490 2641 644 2723 repetenda
665 2659 725 2706 est.
983 2658 986 2664 ’

165 2811 235 2872 446.
255 2795 423 2880 Probatur,
444 2824 480 2868 err
502 2801 724 2868 Malebranelrio
744 2793 807 2875 (de
827 2797 937 2880 inquit.

123 2882 213 2944 eterit
233 2879 283 2946 lib.
306 2905 336 2958 2,
356 2900 380 2945 c.
404 2882 459 2958 ς).
478 2883 577 2947 Variae·
598 2882 707 2946 mentis
728 2893 838 2945 nostrae
862 2877 938 2944 ideae

122 2962 208 3026 variis
231 2962 465 3039 mutationibus,
484 2983 551 3042 quae
572 2961 647 3026 liunt
668 2963 697 3025 in
718 2959 837 3027 cerebro
863 2981 938 3037 prae·

120 3045 206 3119 cipua
227 3043 334 3107 animae
356 3043 423 3108 sede
443 3041 619 3122 respondent
648 3047 697 3122 (n.
719 3040 809 3119 357.)
828 3059 836 3099 :
867 3060 939 3117 ergo

122 3119 257 3202 facilius,
279 3124 495 3202 promptiusque
516 3123 628 3189 eaedcm
649 3123 723 3189 ldeae
745 3143 762 3186 a
783 3135 939 3193 mentire·

122 3201 340 3281 producentur,
360 3226 418 3282 quo
438 3205 548 3270 cerebri
570 3203 649 3271 fibtae
668 3225 707 3268 ert
733 3201 864 3264 idearum
893 3220 940 3264 re·

122 3281 268 3358 petitione
288 3281 494 3364 flexibiliores,
516 3307 551 3349 ac
573 3285 697 3366 aptiores
717 3279 788 3344 fient
818 3278 853 3344 ad
874 3299 940 3344 eot-

122 3359 189 3425 dem
208 3378 307 3425 motus
326 3367 546 3448 concipiendos·
576 3359 827 3452 Quemadmodum
858 3360 942 3426 enim

125 3441 270 3508 Arborum
292 3443 365 3506 rami
386 3446 545 3523 „sicerto
565 3445 690 3524 quodam
711 3440 800 3508 modo
817 3441 941 3520 compli-

124 3521 376 3600 catialiqaandiu
393 3527 576 3607 manserint,
595 3523 713 3591 facilius
732 3519 838 3591 deinde
856 3540 942 3600 pute·
984 3593 986 3598 ,

124 3623 195 3670 runt
214 3603 317 3670 codem
338 3603 424 3669 modo
443 3604 627 3684 complicari:
651 3608 692 3671 ita
712 3604 821 3669 cerebri
841 3599 938 3680 fibrae,

121 3685 173 3748 ubi
194 3684 309 3749 easdem
334 3685 537 3762 impressiones
556 3709 572 3752 a
593 3689 750 3763 spirituum
769 3677 940 3746 animalium

123 3782 290 3844 concursu,
310 3761 343 3829 ἃ
365 3764 541 3847 objectorum
561 3766 674 3852 ablionq
694 3759 794 3836 semel,
817 3757 865 3856 vel
885 3777 942 3824 επ·

511 3853 534 3912 Ρ
575 3863 592 3913 ⁶
834 3858 901 3920 ptus
