2374 4298
3 289 4 292 ’
98 295 243 366 quantum
262 308 331 352 esse
344 273 450 366 'potest
466 287 645 365 maximum,
665 304 850 368 comparato,
867 233 921 354 bui

97 385 165 432 toto
186 367 328 433 anteailae
352 368 425 432 vitae
445 384 577 444 tempore
598 366 669 430 nihil
691 368 788 446 prius,
810 365 843 434 dc
866 390 918 434 an»

97 449 207 526 tiquius
228 445 306 524 fuit,
326 467 412 524 quam
433 463 467 510 ut
489 449 624 527 Graecae,
646 451 918 526 acRomauaeprae·

96 529 198 592 sertim
219 527 392 592 eruditionis
413 530 562 592 thesauros
584 527 702 594 haberet
723 526 918 604 locupletissi-

95 623 184 680 mos,
215 609 244 671 in
273 608 373 685 quibus
408 623 543 684 typorum
572 608 684 684 nitor,
711 605 920 674 excellentium

94 683 240 765 opificum
260 685 431 764 caelamina,
452 706 537 750 aurea
559 703 729 768 ornamenta
749 707 816 758 cum
833 687 918 754 rebus

20 812 23 820 ,
96 767 165 845 ipsis
185 785 298 831 certare
317 764 485 830 videantur:
509 766 676 842 mirerisque
696 767 801 832 Virum
816 765 850 832 dc
871 770 916 832 in·

95 849 209 925 genio,
237 841 388 910 &officio
409 843 512 908 studiis
534 847 660 923 apprime
678 845 811 912 deditum
830 847 915 912 -adeo
963 860 966 866 '
1010 871 1012 875 ’

2 999 3 1014 ¹
94 930 124 990 in
147 926 275 992 Patriam
290 921 482 1002 munificum,
504 940 538 987 ut
569 925 709 1002 propriam
731 923 915 992 lectissimam

95 1006 301 1073 bibliothecam
324 1022 385 1068 tam
404 1006 559 1080 conspicua
590 1005 832 1081 parte-muldam
860 1029 913 1072 vo-

2 1121 3 1124 ¹
94 1085 211 1166 luerit,
239 1103 377 1163 quantam
397 1084 559 1160 paucissimi
582 1083 611 1147 in
632 1083 776 1160 publicum
806 1085 914 1151 bonum

95 1165 228 1245 legarunt
249 1165 296 1227 vix
317 1183 384 1228 cum
406 1183 423 1227 e
443 1163 518 1226 vivis
538 1166 729 1228 excesserint.
750 1169 854 1230 Parum
875 1169 913 1232 ti-

92 1247 122 1312 bi
142 1243 200 1311 fuit
222 1246 274 1309 Vir
295 1241 557 1308 Beueficentissime
576 1241 657 1320 plura
678 1243 843 1321 impendere
861 1267 914 1310 au·

95 1347 210 1391 reorum
232 1323 341 1401 millia,
362 1341 397 1387 ut
418 1323 536 1400 optimis
556 1323 783 1406 quibusvelibris
806 1326 915 1388 instru-

95 1404 140 1470 {la
162 1405 349 1470 ferrariensis
371 1401 529 1468 Academia
551 1403 681 1468 scientiis
701 1403 833 1468 omnibus
852 1403 917 1469 adi-

93 1502 159 1551 tum
189 1487 338 1563 aperiret:
367 1483 505 1547 interiora
533 1485 624 1546 etiam
644 1482 777 1549 cubicula
810 1505 913 1550 eorum

90 1564 284 1644 imaginibus,
305 1563 355 1641 qui
377 1562 423 1629 vel
444 1563 608 1626 muneribus
629 1563 832 1641 insignioribus
850 1569 914 1630 Ro·

94 1665 152 1709 mae
174 1641 281 1724 fundi,
306 1642 351 1708 vel
376 1663 497 1720 purpura
517 1642 616 1707 donati
638 1645 798 1711 Ferrariam
825 1648 913 1712 cobu-

92 1742 264 1804 uestarunt‚
283 1721 317 1790 &
338 1719 538 1808 Pontificum,
557 1723 607 1800 qui
618 1725 800 1800 gymnasium
824 1737 914 1792 aux‘e·

1 1817 2 1820 ’
92 1822 183 1880 tunt,
205 1803 357 1880 magnifice
376 1800 514 1880 depidlis‚
544 1804 711 1880 ornatisque
733 1803 769 1879 od
797 1802 913 1870 inflato

93 1883 215 1948 mandor
236 1883 392 1946 acrioribus
413 1881 609 1945 emulationis
636 1883 761 1950 stimulis
789 1881 912 1948 Adoles·
994 1912 997 1928 ¹

90 1963 222 2028 centium
243 1962 371 2036 animos,
396 1980 461 2022 cum
483 1962 652 2040 majestate,
674 1960 707 2024 ὃ(
729 1983 830 2040 pompa
864 1985 931 2038 pa·-

91 2043 180 2105 rasti.
203 2039 281 2126 Quid
301 2039 336 2101 de
358 2038 565 2103 cimeliarchio
586 2040 696 2103 dicum?
728 2046 781 2104 hoc
801 2058 911 2115 quanta

90 2121 266 2189 liberalitate
286 2120 413 2186 ditasti.>¹
429 2120 488 2184 Hic
509 2120 589 2196 signa
608 2142 712 2200 ennea,
734 2117 768 2184 ὅ(
788 2141 912 2201 marmo-

88 2224 159 2282 rea,
181 2200 357 2280 anaglypha,
376 2198 568 2278 emblemata,
590 2201 774 2279 numismata,
797 2203 927 2276 aliaque

88 2287 225 2361 Graecae,
245 2280 278 2346 &
302 2281 639 2356 Romanaeantiquitatis
658 2302 847 2346 monumenta
864 2303 913 2346 oca

90 2379 213 2428 currunt
241 2363 322 2439 quasi
351 2361 465 2439 agmine
495 2356 595 2441 fallo,
627 2363 730 2439 quibus
749 2361 908 2440 disciplinis

90 2443 239 2520 omnibus,
258 2441 424 2518 artibusque
446 2440 587 2506 uberrima
615 2442 747 2520 praesidia
775 2439 908 2520 suppedi-

1 2543 2 2554 ’
91 2524 181 2600 testi,
202 2545 235 2587 ac
257 2539 342 2606 tanta
364 2520 509 2606 tribuisti,
531 2524 752 2586 utFerrariense
761 2524 906 2602 Lyceum,

91 2601 167 2680 quod
188 2606 233 2666 Te
254 2623 368 2666 summo
388 2598 511 2666 Praeside
532 2600 687 2680 gloriatur,
716 2623 782 2665 cum
801 2603 906 2670 ceteris

90 2681 184 2746 ltaliae
204 2682 310 2760 Lyceis
330 2680 366 2747 de
385 2679 551 2760 splendore,
571 2677 764 2758 &dignitate
784 2700 906 2747 conten-

88 2761 155 2826 dere
177 2764 284 2840 possit.
306 2763 383 2826 Haec
402 2761 472 2824 dum
488 2759 629 2839 praedico,
652 2763 705 2826 Vir
726 2761 905 2828 Munificen-

1 2887 2 2890 =
89 2843 219 2922 tissime,
238 2859 355 2919 gratum
374 2842 483 2906 civium
504 2862 633 2906 meorum
654 2843 783 2905 animum
804 2839 906 2920 praedi·

86 2944 141 3003 co,
161 2942 320 2998 eorumque
340 2919 376 2985 de
397 2924 442 2984 Te
461 2919 661 2986 benemerendi
690 2919 874 2987 voluntatem
895 2969 906 3002 ,

87 3000 245 3078 dequibus
266 3003 440 3066 itameritus
462 3022 512 3081 es,
532 3016 567 3066 ut
589 2999 727 3068 beneficIa
747 3003 906 3079 gratiarum

85 3081 227 3147 allionem
253 3080 424 3148 excedente
455 3079 598 3158 simulque
626 3084 771 3147 rationem
808 3083 908 3161 aperio

86 3161 198 3227 consilii
220 3163 297 3241 mei,
317 3182 375 3240 quo
396 3165 469 3228 hanc
487 3160 615 3242 opellam
634 3183 711 3225 novo
733 3161 830 3228 labore
858 3182 905 3226 re·

62 3242 232 3327 ¹cognitam
251 3242 388 3318 praeclaro
402 3245 468 3307 Tuo
477 3243 604 3306 Nomine
623 3239 813 3308 decorandam
821 3258 906 3320 optas

81 3324 130 3400 ui,
152 3319 201 3396 qui
220 3319 254 3384 dc
273 3320 494 3401 communibus,
515 3319 548 3387 dc
569 3320 757 3399 peculiaribus
778 3323 836 3386 tuis
847 3320 904 3385 lar·

81 3394 222 3481 gitatibus
241 3401 277 3465 ab
295 3401 421 3482 ephebis,
433 3423 526 3482 usque
547 3398 590 3466 fui
608 3401 794 3468 cumulatus.
823 3405 900 3480 Ergo

80 3499 163 3552 sume
182 3495 236 3545 tua
256 3481 342 3563 Tibi,
360 3483 603 3627 quequeAminus
622 3481 706 3562 dieue
728 3475 903 3550 ridebuntur

558 3585 574 3640 3
718 3579 720 3585 ·
798 3577 865 3626 tua·
