2370 4148
440 287 442 295 .
552 283 559 306 ,
842 275 855 290 .

111 363 155 433 cio
177 365 237 434 {ieri
260 367 376 448 pote'st,
398 383 432 431 ac
453 287 668 444 etiaonimribbet,
690 349 725 429 ut
746 385 796 442 pro
809 297 931 424 'diieisa

56 457 62 464 “
111 448 242 514 fibrarum
274 449 435 524 tensione,
477 445 624 522 molitie,
671 463 787 510 textura
823 445 852 504 in
887 439 932 502 di-

110 530 199 592 uersis
219 528 380 591 hominibus
401 523 511 590 eaedem
541 523 715 603 objetiorum
742 523 867 587 atiiones
886 518 930 584 di-

109 627 206 672 versas
225 609 355 672 excitent
377 609 588 683 sensationes,
613 627 646 669 ac
675 603 793 681 proinde
815 601 930 667 diuersa

107 686 218 771 'Judicia
240 690 315 752 circa
337 685 412 749 idem
434 684 593 765 objebium,
622 686 698 748 unde
719 685 792 752 certi
812 681 930 760 quidem

108 788 209 844 sumus
228 767 351 830 eundem
364 765 492 828 ‘viridem
513 764 640 828 colorem
663 789 690 828 v.
711 787 737 842 g.
756 763 857 828 eodem
879 783 931 822 vo·

107 845 211 910 cabulo
230 847 267 912 ab
286 844 575 924 omnibusappeiiari3
596 861 728 909 attamen
749 844 854 908 incerti
874 839 934 920 pla·

89 992 91 996 ,
109 947 146 989 ne
167 947 284 1004 sumus,
306 943 406 988 utrum
427 925 642 988 huicvocubulo
661 926 762 988 eadem
782 927 811 986 in
835 921 929 984 omni-

109 1007 161 1068 bus
182 1003 353 1084 respondeat
377 1003 458 1083 idea,
479 1005 611 1081 idemque
631 1004 842 1080 perceptionis,
862 1021 931 1064 sen·

109 1107 174 1150 sus.
197 1089 272 1162 Ergo
293 1108 310 1148 a
332 1085 463 1149 sensibus
484 1083 595 1168 nullum
618 1084 712 1150 haberi
735 1099 831 1161 potest
853 1081 929 1144 veri·

110 1165 182 1230 tatis
202 1168 362 1228 criterium.

152 1255 218 1320 198.
241 1249 280 1308 R.
301 1237 570 1310 cum‘sensibilium
591 1245 749 1308 veritatum
775 1243 924 1308 criterium

106 1324 135 1388 in
158 1345 293 1388 sensuum
315 1322 461 1388 evidentia
482 1327 669 1401 statuimus,
701 1322 771 1386 illud
801 1325 842 1386 ita
864 1345 928 1400 pro·
1013 1331 1021 1380 >

108 1407 262 1484 ponimus,
281 1421 316 1468 ut
335 1403 484 1468 evidentia
506 1407 626 1468 rationis
643 1404 748 1468 debeat
770 1405 822 1481 ipsr
843 1421 928 1466 ante·

108 1482 190 1561 serti,
221 1502 358 1560 tanquam
379 1485 509 1548 omniurn
538 1489 728 1548 humanarum
747 1485 928 1564 cogitionum

111 1561 353 1640 perfectissimum
374 1565 525 1634 criterium
546 1615 555 1644 ,
585 1587 679 1640 aquo
700 1567 840 1628 veritates
860 1563 927 1626 aliae

107 1661 290 1720 quaecunque
310 1643 434 1721 pendere
461 1642 558 1720 aliquo
579 1644 660 1722 pabio
678 1643 801 1709 debent.
831 1645 926 1708 Dein-

104 1723 141 1788 de
169 1724 314 1800 proprium
343 1725 478 1788 sensuum
509 1741 671 1788 nostrorum
707 1722 848 1802 objetium
875 1739 924 1786 est

104 1801 261 1866 existentia
281 1825 464 1877 corporum:
494 1825 561 1868 narn
590 1805 717 1868 sensatio
747 1803 816 1866 nihil
846 1800 925 1878 aliud

104 1897 169 1959 est,
191 1903 278 1956 quam
298 1883 371 1946 aiiio
391 1885 419 1946 in
440 1904 540 1948 sensus
562 1902 676 1948 nostros
697 1880 732 1945 ad
752 1881 925 1958 cerebrum,
1000 1950 1005 1962 ,

105 1959 154 2022 ubi
176 1962 271 2022 anima
293 1961 423 2042 residet,
452 1961 614 2040 perducta,
645 1983 729 2038 porro
756 1962 784 2022 in
807 1968 923 2023 sensum

105 2061 210 2117 organa
233 2039 303 2101 nihil
324 2061 409 2116 agere
428 2059 555 2118 potest,
587 2043 642 2104 nisi
672 2060 841 2117 corporeum
863 2041 921 2112 sit,

104 2141 139 2184 ac
161 2119 342 2195 materiale,
370 2120 453 2198 quin,
485 2137 519 2182 ut
538 2123 580 2182 ait
600 2121 780 2196 Lucretius,
803 2134 922 2201 tangere

102 2200 200 2276 enim,
220 2197 264 2270 ip
284 2199 384 2283 tangi,
406 2199 464 2261 nisi
483 2216 609 2279 corpus,
631 2198 712 2262 nulla
732 2213 827 2274 potest
847 2216 922 2260 res.

102 2281 181 2342 Hinc
201 2295 711 2354 quacumquesensuumnostrorum
734 2277 846 2341 foliacia
869 2276 932 2340 fin·-

101 2374 205 2437 gatur,
243 2356 280 2421 de
300 2365 450 2435 corporum
469 2357 574 2424 saltem
602 2359 758 2422 existentia
779 2358 851 2421 terti
873 2378 922 2418 su-

100 2461 165 2502 mus
185 2457 322 2501 sensuum
343 2439 509 2503 evidentia.
528 2443 629 2517 Atque
659 2441 726 2502 hinc
752 2441 843 2502 etiam
864 2436 919 2517 fit,

21 2568 44 2578 ,
100 2537 190 2582 urea
211 2539 358 2597 corpora,
388 2541 454 2599 quae
475 2521 511 2583 ob
531 2523 575 2582 sui
595 2518 788 2582 subtilitatem
808 2517 918 2582 nullam
1015 2563 1017 2572 .

100 2598 207 2678 habent
228 2597 379 2662 sensiblern
400 2622 467 2664 cum
496 2601 629 2664 humanis
656 2601 769 2675 organis
802 2617 918 2673 propor-

101 2679 231 2755 tionem,
263 2697 355 2754 neque
378 2697 526 2757 propterea
547 2681 575 2740 in
597 2699 631 2741 ea
651 2699 734 2756 agere
756 2675 917 2740 sensibiiili·

99 2775 146 2822 ter
170 2775 307 2835 possuut,
338 2778 519 2836 nequaquam
538 2757 574 2822 ad
596 2779 732 2821 sensuum
752 2771 917 2822 nostrorum

96 2838 206 2916 obiebia
227 2835 326 2902 referri
349 2837 495 2918 debeant3
525 2836 640 2902 infinita
669 2838 775 2902 idcirco
795 2859 921 2912 corporo

97 2919 194 2996 haberi
214 2919 244 2981 in
266 2918 437 2994 boemundo
446 2916 646 2996 concedimus,
665 2939 732 2995 quae
752 2925 918 2981 nostrbrum
955 2995 969 3003 .

97 3017 233 3061 sensuum
255 3017 360 3074 organa
381 2996 514 3078 fugiunt.
574 3015 576 3020 '
666 3005 668 3010 '
1002 3069 1005 3075 ,

88 3091 94 3100 ’
141 3079 367 3164 199.'Quamvis
389 3096 489 3146 autem
513 3099 612 3143 omnes
631 3099 780 3156 corporum
801 3078 914 3144 ideaea

97 3155 177 3218 nobis
199 3175 334 3231 sensuum
359 3159 508 3228 'beneficio
536 3159 742 3236 acquirantur,
771 3179 828 3220 non
850 3181 914 3237 pro·

96 3251 197 3314 pterea
227 3237 352 3302 vicissim
379 3239 514 3318 quidquid
554 3261 603 3318 per
632 3260 743 3303 *sensus
782 3259 845 3304 esse
882 3239 914 3304 in

96 3317 259 3392 corporibus
280 3323 467 3400 percipimus,
496 3323 525 3385 in
549 3322 614 3399 ipsis
635 3321 735 3384 existit
757 3336 764 3377 τ
788 3321 854 3382 hinc
875 3318 910 3382 li-

90 3396 195 3462 benter
214 3396 353 3462 dabimus.
365 3399 549 3479 Adversario,
569 3402 692 3479 colores,
712 3419 836 3478 sapores,
858 3397 910 3462 fri·

88 3497 162 3558 qus,
184 3477 328 3556 calorem,
349 3501 468 3559 sonum,
490 3482 615 3558 aliasque
635 3481 816 3546 secundarias
836 3500 907 3554 qua-

90 3555 194 3636 litates
213 3580 313 3626 omnes
342 3565 517 3702 corporibus1
528 3581 587 3626 non
608 3563 719 3637 inesse,
749 3557 906 3654 utpuleuss

560 3661 574 3713 3
796 3654 866 3698 rma-
