2338 4140
407 304 632 386 metaphysica.
798 319 856 386 aaa

76 387 240 466 ¹ttttndattli,
257 385 306 452 vel
326 383 418 452 delirii
442 392 518 453 huuc
529 391 744 466 Philosophum,
767 389 816 466 qul
826 411 896 453 con-

81 489 126 536 tra
146 485 331 535 ootnmune'm
352 470 481 532 omnium
502 474 652 534 hominum
673 471 897 548 sensumsingu-

80 551 168 616 larem
197 546 350 625 quamdam
369 547 496 626 ‘jadlabat
524 551 769 630 reminiscentiam
796 599 805 626 ,
834 571 896 614 non

79 634 199 708 arguat?
221 626 276 696 Sed
295 627 432 706 legendas
452 629 599 694 Arnobius
623 630 670 696 lib.
701 656 730 710 2,
759 627 896 700 adversus

78 715 215 778 Gentes..

119 811 188 861 240.
208 788 387 854 Ditestum
408 787 535 864 Origene
555 791 603 866 (ex
625 793 657 854 ὃ.
679 790 897 870 Hieronymum

75 868 202 949 epistola
221 866 266 930 ud
285 867 437 942 Avitum).
459 869 568 932 Anima
587 887 633 933 est
653 871 682 932 in
702 871 896 951 corporelnto

74 950 215 1014 carceris:
234 945 268 1010 id
287 947 404 1026 quidem
423 945 457 1012 dc
479 950 625 1026 Scriptura
655 957 755 1028 Sacram
769 1009 770 1014 ,
786 950 820 1016 dt
849 975 897 1018 ra·

15 1049 19 1056 ’
73 1027 358 1096 tio-demonstrant.
381 1029 527 1105 Scriptura
548 1026 682 1108 quidem
706 1049 772 1094 nam
795 1032 897 1096 aitsa-

72 1111 175 1174 lomon
197 1110 376 1187 (sapientie
402 1107 463 1184 8):
488 1109 898 1176 sortienssamanimam-bn·

69 1210 161 1270 ’πωπω
187 1187 231 1262 iar
244 1207 318 1254 enm
338 1207 433 1253 errem
452 1189 548 1272 magis
562 1185 676 1266 annus,
700 1191 767 1253 uene'
787 1189 897 1254 adeor-

67 1289 131 1352 Ῥω
151 1271 416 1352 incoinquinatum.
437 1272 472 1331 In
493 1266 611 1332 Psalmis
633 1269 771 1334 habetur:
793 1270 896 1334 Prius-

69 1369 166 1434 quam
185 1347 359 1434 humiliarer
380 1368 430 1432 ego
453 1345 581 1428 deliqui.
610 1349 768 1414 Revertere
795 1353 896 1414 aalma

68 1451 140 1498 mea
157 1430 191 1492 in
212 1432 342 1511 requiem
361 1445 461 1494 tuam.
482 1425 566 1491 Educ
584 1426 619 1492 de
638 1431 894 1496 carcereanimntn

68 1527 193 1582 meam.
211 1505 374 1586 Confitebor
393 1509 519 1572 Domino
539 1509 571 1570 in
589 1510 704 1652 afflone
732 1511 894 1576 vivorum.

67 1590 171 1656 Ratio
191 1608 275 1652 vern:
299 1611 364 1652 nam
385 1587 480 1652 anima
501 1589 624 1665 spiritua·
636 1591 659 1652 is
681 1611 739 1655 non
770 1593 824 1654 nisi
849 1615 898 1654 rn-

67 1674 155 1738 tiooe
177 1689 270 1746 paenae
289 1669 406 1745 ¹corpori
426 1669 523 1746 potuit
544 1668 691 1747 copulari,
720 1674 831 1749 corpori
850 1673 898 1738 iu-

65 1771 160 1832 quam
183 1748 296 1812 infirmo
311 1799 320 1826 ‚
337 1747 375 1814 dt
396 1747 568 1829 quandoque
588 1769 789 1816 monstruoso,

103 1855 185 1900 aar.
205 1834 249 1894 Ra
269 1829 450 1893 Salomonem
472 1828 510 1892 il>i
531 1829 609 1905 loqui
629 1829 666 1894 de
686 1829 759 1894 bona
781 1821 898 1896 sulani-

67 1912 112 1976 mi
134 1906 254 1984 indole,
275 1929 362 1983 quam
383 1930 400 1971 a
424 1913 492 1972 Deo
513 1913 634 1973 sortitus
656 1906 771 1988 fuerat,
804 1910 897 1978 ac'de
953 1931 957 1942 ·

68 1989 155 2056 felici
180 1990 309 2064 corporis
330 2005 578 2066 temperamento,
598 1989 649 2052 tui
669 2011 719 2050 sua
741 1991 856 2068 anima,
876 2012 896 2054 a

65 2079 140 2138 Deo
153 2083 266 2134 creata
286 2065 456 2144 accipiendis
469 2069 630 2143 ‘sapientiae
651 2069 806 2132 seminibus
836 2067 897 2132 ido·

66 2175 150 2226 nea,
178 2144 240 2211 suit
260 2149 361 2214 unita.
382 2147 447 2212 Nisi
472 2146 500 2210 id
509 2146 661 2225 concedas,
682 2149 897 2224 quomodoani-

60 2257 112 2302 ma
137 2233 217 2360 bona
234 2227 298 2296 luit
321 2229 351 2293 in
372 2247 475 2307 corpus
505 2245 644 2306 tanquam
672 2249 818 2299 carcerem
840 2227 897 2298 ⁴de-

60 2335 166 2384 trusa.
658 2343 666 2356 ·

101 2420 176 2469 242·
201 2388 251 2458 Ad
278 2389 404 2456 alterum
433 2412 506 2470 resp.
535 2389 719 2458 humiliatum
746 2390 897 2462 Davidem

53 2496 181 2560 propter
203 2491 329 2553 peccata
356 2493 412 2535 non
442 2472 471 2534 in
501 2471 594 2536 stellis
624 2489 758 2550 patrata,
787 2471 837 2536 sed
866 2473 896 2537 in

54 2579 208 2638 corpore,
232 2567 301 2635 post
321 2565 387 2630 quae
409 2555 599 2618 conscientiae
620 2553 746 2616 stimulis
767 2553 915 2628 agitatus,

51 2644 216 2719 antiquam
246 2635 377 2710 requiem
393 2679 404 2706 ,-
418 2653 454 2694 ac
476 2653 575 2708 pacem
596 2635 726 2711 optabat,
746 2618 908 2708 cupiebat-l

52 2746 115 2805 que
129 2719 267 2786 «dissolvi
290 2735 306 2778 e
326 2713 451 2789 corporis
479 2711 713 2789 impedimento,
743 2709 776 2774 dt
805 2713 897 2788 regio-

50 2829 123 2872 nem
149 2805 316 2870 vivorum,
338 2795 401 2856 sive
421 2789 542 2868 paradisi
561 2791 680 2867 gloriam
701 2789 827 2870 ingredi,
858 2808 894 2854 ut

48 2893 123 2956 Deo
146 2907 205 2951 suo
228 2891 377 2960 perpetuo
399 2871 553 2936 frueretur.
577 2875 653 2934 Haec
673 2869 706 2936 dt
726 2869 894 2950 exoniense

48 2966 264 3042 testimoniis,
300 2951 337 3018 ὅ(
364 2975 401 3020 cx
430 2953 492 3030 ipsa
521 2950 643 3018 Datidis
673 2953 792 3018 historia
819 2951 894 3018 liunt

48 3048 238 3124 manifesta·
849 3111 856 3125 ,
880 3069 885 3080 ’

52 3173 57 3184 .
92 3123 310 3209 243.‚Anima
333 3133 504 3192 porcetum
526 3133 542 3176 a
563 3109 634 3178 Deo
652 3129 751 3176 creata
782 3112 893 3190 luent,

47 3231 85 3280 ut
105 3205 232 3283 corpori
256 3216 412 3272 unitatum·
436 3195 502 3259 hinc
525 3191 590 3257 talis
613 3193 682 3256 unio
697 3193 755 3270 ipsi
775 3209 821 3256 est
844 3213 894 3253 naa

47 3289 182 3366 totalis,
208 3303 272 3346 non
295 3275 436 3353 paenalis.
456 3273 544 3362 Quod
565 3291 664 3338 autem
687 3294 789 3350 corpu-s
815 3271 895 3336 infir·

47 3397 138 3445 mum
161 3367 229 3443 sit„
253 3379 291 3422 ac
312 3373 554 3440 mensunusum,
576 3354 604 3418 id
626 3353 740 3433 quidem
757 3371 893 3432 paenaest

43 3448 209 3538 originalis
232 3435 373 3523 peccati,
396 3456 453 3500 non
475 3455 574 3502 autem
595 3437 750 3502 criminum
772 3439 804 3500 in
826 3433 895 3497 stel-

43 3544 85 3608 lis
107 3531 320 3603 admissorum
332 3565 343 3624 ⁰.

89 3690 206 3770 allieni
229 3675 322 3752 Phia
338 3679 372 3737 Τ.
392 3667 416 3738 1.
609 3676 639 3738 N
783 3677 855 3737 Gen,
