2370 4148
833 173 841 211 b
893 195 898 202 .

327 214 384 277 abt
625 208 778 278 Elementa
841 214 847 223 ¹

287 293 347 356 toti
375 287 459 367 plano
488 303 672 354 communem
701 309 934 356 convertuntur.

326 375 371 433 Ac
391 367 427 430 ad
447 387 583 446 quartum
604 390 809 448 argumentum
829 375 877 448 (n.
901 370 976 450 roh)
997 377 1098 454 ajunt:

284 449 469 512 uoluntatem
490 451 643 512 humanam
663 461 726 528 esse
746 451 781 515 ad
803 453 910 515 bonum
939 457 967 517 in
995 473 1099 532 genere

261 593 262 596 ,
288 531 452 593 necessario
478 526 721 609 determinatam,
751 555 785 596 ac
814 554 960 609 nunquam
988 533 1099 610 operari

284 611 341 671 nisi
361 606 555 685 dependenter
575 630 592 670 a
612 612 750 690 motivis,
771 633 788 674 a
814 631 938 688 quorum
968 611 1103 676 viridiori

285 708 398 766 semper
418 685 649 753 determinatur:
666 691 725 766 ipsa
745 709 845 755 autem
867 695 978 756 motiva
995 694 1029 756 ab
1050 689 1103 754 ali·
1152 740 1154 746 .

287 789 346 844 quo
366 771 531 832 extrinseco
552 767 719 848 profluunt,
742 770 825 837 unde.
838 775 934 837 anima
955 770 1099 837 ineruditi

287 865 405 928 potest,
427 846 545 926 perinde
567 870 600 912 ac
622 853 764 913 materia.

330 928 461 992 Tandem
482 925 515 991 dt
536 929 648 992 intimae
668 930 855 994 conscientiae
876 953 990 995 sensum
1010 933 1102 1006 (namt

289 1009 370 1083 ³⁶9)
391 1029 422 1074 se
443 1008 583 1086 explicare
606 1007 755 1072 confidunt
779 1013 1005 1075 Materialntae'.
1027 1015 1101 1074 Nam

288 1091 398 1170 anima,
419 1089 564 1166 inquiunt,
584 1089 637 1150 sibi
656 1089 1005 1170 repraescntatobjetlum,
1027 1090 1104 1153 uelu-

290 1170 318 1234 ti
339 1171 484 1246 contingit
504 1169 534 1230 in
556 1166 691 1246 specul0,·
713 1185 748 1233 ex
777 1167 876 1245 objcdli
906 1187 1005 1231 autem
1035 1171 1104 1229 ima-

286 1251 376 1328 gine,
396 1244 601 1311 siveconliillu
620 1245 1002 1311 uriturrellexusconflidlus
1021 1243 1106 1308 dissi·

289 1330 370 1393 milis
389 1326 503 1403 quidem
524 1324 650 1405 direlle,
672 1347 757 1402 quem
780 1343 878 1389 tamen
891 1324 994 1402 refert,
1014 1326 1106 1388 sicuti

291 1406 445 1474 conflillus
461 1427 509 1482 per
528 1403 706 1482 diagonalem
731 1401 819 1480 refert
839 1405 967 1476 diversos
988 1407 1023 1469 ab
1044 1409 1105 1482 ipso

289 1483 442 1552 conflictus
464 1508 511 1563 per
521 1485 613 1549 latera
623 1494 640 1546 .’
652 1483 757 1560 Itaque
767 1485 943 1550 concludunt
957 1488 1036 1550 inter
1047 1507 1109 1548 rna·

289 1567 406 1643 teriam,
426 1562 748 1641 &cogitationcmeam
773 1565 869 1628 haberi
879 1565 1110 1644 repugnantiam,

289 1666 359 1725 quae
380 1643 456 1707 inter
485 1646 642 1724 musicam,
671 1641 704 1707 dt
734 1644 904 1710 medicinam
932 1643 1110 1720 intercedit,

293 1726 364 1792 talis
386 1739 502 1804 nempe,
526 1741 560 1788 ut
580 1745 637 1787 una
660 1726 776 1799 nonsit
798 1724 874 1804 alia,
896 1747 953 1789 non
984 1743 1054 1787 uero
1075 1739 1111 1786 ut

290 1827 357 1871 una
393 1807 517 1870 alteram
554 1803 718 1869 excludat.
751 1805 830 1868 Hinc
862 1825 920 1868 non
948 1801 1112 1868 defuerunt

210 1926 217 1936 ·
290 1886 460 1963 Philosophi
481 1885 554 1949 bene
575 1883 678 1962 multi,
711 1886 760 1960 qui
792 1887 887 1948 Brutis
914 1885 1115 1960 cognitionem

287 1968 462 2035 ‘tribuerunt
483 1987 499 2028 a
520 1961 663 2028 materiali
685 1967 780 2026 anima
802 1962 1024 2040 procedentem.

342 2057 408 2124 ¹⁸5·
431 2051 472 2112 R.
495 2066 569 2109 vanu
587 2044 687 2108 labore
706 2063 738 2106 se
760 2041 1117 2124 frangerematerialistas,

298 2127 368 2193 dum
387 2143 568 2192 statutama
598 2125 679 2188 nobis
706 2123 961 2188 contradidionem
991 2121 1118 2186 evellere

294 2227 467 2284 conamur,
489 2203 603 2282 Singula
630 2225 768 2269 vocemus
796 2205 826 2266 in
855 2223 993 2266 censum.
1025 2199 1119 2284 Quid·
1156 2253 1157 2258 ,

299 2287 370 2362 quid
391 2289 431 2350 sit
452 2285 489 2346 de
510 2285 606 2360 primis
626 2283 761 2348 materiae
789 2282 963 2358 elementis,
992 2301 1120 2357 quorum

292 2381 437 2429 araturam
457 2364 486 2426 in
508 2362 632 2436 physicis
651 2363 830 2437 aperiemus,
853 2381 956 2436 nempe
984 2364 1050 2424 sive
1073 2381 1121 2430 ex·

291 2461 388 2508 tensa
408 2443 479 2517 sint,
499 2441 561 2502 sive
589 2441 759 2519 inextensa,
795 2437 1043 2520 &indivisibilia
1065 2458 1123 2504 sta·

297 2539 426 2590 tuantur
434 2539 445 2600 ,·
466 2518 659 2582 substantiam
681 2535 779 2584 tamen
801 2535 972 2598 extensam,
995 2543 1031 2584 ac
1052 2521 1124 2582 divi·

298 2603 416 2670 sibilem
437 2615 633 2678 componunt,
655 2596 732 2664 unde
746 2601 836 2664 etiarn
857 2601 1003 2675 cogitatio
1025 2602 1056 2664 in
1074 2605 1126 2664 hac

27 2709 268 2758 ramum-w
288 2683 457 2763 ‘hypothesi
477 2681 536 2744 erit
569 2696 706 2756 extensa,
737 2701 771 2744 ac
800 2678 963 2742 divisibilis:
998 2679 1125 2746 redeunt

302 2785 373 2841 crgo
393 2776 563 2839 argumenta
585 2775 701 2822 nostra.
724 2759 928 2835 Deindequeri
949 2758 1048 2825 adhuc
1068 2781 1131 2838 pos·

300 2861 371 2922 set,
392 2863 463 2906 uum
484 2839 594 2918 singula
614 2841 676 2902 haec
699 2840 848 2904 inextensa
879 2838 1030 2905 elementa
1053 2841 1131 2918 cogi·

299 2929 394 3000 tent,
414 2943 466 2986 nec
488 2939 535 2984 ne:
556 2917 986 2995 utrumqueautemobsurdum
1008 2920 1132 2988 essede-

302 3003 527 3072 moustravimus
546 3003 597 3078 ln.
623 3001 716 3078 16⁶).
960 3045 961 3048 ,

308 3127 310 3135 ›
349 3095 417 3148 186.
439 3081 648 3146 Adulterum.
670 3089 703 3146 In
725 3086 786 3159 ipsa
806 3080 928 3146 materia
945 3079 1133 3160 disinguide·

307 3165 379 3230 beat
405 3161 634 3230 modificationes
663 3165 829 3228 intrinseca·
863 3161 900 3224 ab
925 3165 1132 3229 extrinsecis.

305 3245 418 3308 Primos
436 3243 558 3309 dicimus
578 3263 638 3320 eas,
657 3265 724 3321 quae
745 3242 878 3308 absolute
897 3240 1129 3319 loquendosunt

309 3323 432 3399 ipsamet
452 3325 574 3388 materia
594 3325 672 3387 varia
692 3323 906 3388 combinatione
924 3319 1131 3403 affeCla,.„vo·

203 3430 213 3440 ··
233 3469 234 3473 ,
314 3402 371 3468 luti
391 3399 501 3484 figura,
521 3404 693 3467 extrinseca
713 3423 784 3473 vero
804 3418 960 3478 cunrpurae
969 3404 1131 3472 relationes

310 3481 348 3560 ad
374 3482 483 3586 objecto
504 3499 600 3618 ,αξη
627 3487 780 3564 metuunt
805 3483 919 3573 totitas
947 3501 984 3550 Ἦ
1014 3484 1132 3626 &25⁸⁸
