2370 4148
273 258 276 265 ·
325 251 383 316 256
606 235 776 304 Elementa
1102 297 1113 317 ,

329 341 397 393 154·
419 321 458 384 K
479 318 504 384 si
523 321 623 384 Deum
645 340 702 384 nou
725 315 846 382 dedecet
867 317 1039 395 vilissimas,
1063 341 1103 384 ac

286 395 494 461 minutissimas
506 414 558 463 res
577 419 709 476 creasse,
727 417 781 463 nec
802 395 922 462 dedecet
949 419 997 462 eas
1026 417 1104 460 con-

285 496 400 540 servate
422 479 511 554 iisque
533 476 697 553 providere:
717 478 760 554 :aa
789 477 825 540 ad
854 476 1101 558 sapientissimum

285 556 322 620 ab
343 555 403 632 ipso
426 559 572 624 intentum
593 556 679 620 finem
699 573 839 643 agantur.

328 660 394 711 155·
416 639 458 699 D.
476 655 577 701 autem
599 637 770 712 Hieronymi
791 657 890 700 sensus
911 653 992 714 patet
1008 656 1100 700 tuse·

286 717 443 790 quenribus
465 714 502 778 ibi
523 715 631 780 verbis:
654 717 724 778 Non
745 718 841 778 simus
862 733 926 780 tam
943 713 1018 796 fatui
1026 714 1100 778 adu·

191 794 194 800 ’
283 791 394 856 latores
413 797 486 873 Dei,
506 812 540 858 ιιι
557 793 628 858 dum
644 795 805 872 parentiam
819 793 976 874 austriam
989 793 1101 858 adime

282 869 485 953 detrahimus,
505 875 536 936 in
556 877 710 952 nosipsos
730 893 864 951 rupursoss
884 893 996 950 samus,
1019 893 1100 938 sam-

283 949 351 1014 dem
370 953 579 1034 rationalium,
601 963 690 1035 qua'm
708 953 927 1020 irrationalium
944 952 1099 1031 prouiden-

282 1031 358 1093 tiam
379 1052 444 1095 essa
456 1033 603 1097 dicentes·
625 1032 787 1108 AEqualem
805 1052 946 1110 argorum
966 1033 1097 1096 rationa-

282 1109 372 1188 lium,
394 1127 457 1176 tum
479 1110 688 1177 irrationalium
711 1111 919 1188 providentiam
950 1129 1038 1188 negat
1068 1119 1096 1179 S.

281 1187 408 1268 Dodlor,
440 1211 497 1253 non
518 1209 618 1255 aurem
645 1209 857 1270 quamcumque
884 1191 1095 1267 providentiam

286 1271 502 1332 universorum.
524 1275 563 1334 Et
583 1275 648 1334 haec
668 1269 768 1336 eadem
789 1289 835 1336 est
845 1267 1094 1346 mensAposroli·

327 1349 471 1440 15650pp.
484 1369 497 1424 3
508 1349 665 1428 Crysippus
684 1351 896 1429 apudTullium
914 1348 946 1426 (l.
960 1345 1022 1413 dele
1033 1351 1094 1412 Fa·

278 1425 343 1499 to):
367 1445 392 1496 ss
401 1427 497 1492 omnia
520 1429 982 1507 antecedentibuscaussisliant,
996 1428 1093 1491 oruuia

280 1502 406 1566 naturali
435 1507 625 1584 colligatione..
652 1529 819 1589 contexte,
846 1507 1037 1582 conferreque
1058 1506 1092 1568 fi·

277 1599 349 1671 urat.
368 1583 487 1670 Quodsi
509 1591 550 1652 ita
572 1606 637 1667 est,
656 1592 751 1652 omnia
769 1591 926 1652 necessitas
935 1584 1043 1651 efficit:
1065 1585 1095 1652 id

277 1663 302 1726 si
323 1682 424 1742 verum
443 1683 507 1742 est,
528 1667 599 1730 nihil
620 1686 666 1730 est
688 1671 718 1731 in
741 1687 837 1730 nostra
858 1681 1028 1742 potestate.

320 1765 387 1820 157·
408 1745 447 1810 R.
468 1765 540 1824 nego
561 1746 693 1810 illatum.
717 1747 827 1810 Divina
861 1744 1001 1824 siquidem
1023 1761 1092 1820 pro-

276 1821 406 1889 videntia
427 1825 552 1902 disponit
579 1829 676 1890 omnia
697 1825 848 1901 suaviter,
875 1843 979 1901 nempe
1006 1843 1092 1887 caus·

274 1923 322 1968 sas
331 1907 491 1969 necessario
508 1923 661 1984 operantes
678 1907 819 1991 gubernat
841 1903 1007 1969 necessario
1027 1920 1107 1966 mot

264 1982 333 2064 do,
353 1983 392 2048 lib
424 1999 570 2052 oaorem
591 2007 707 2054 caussas
735 1987 823 2052 libere
842 2003 977 2061 agentes.
1005 1984 1089 2046 Hinc

188 2045 254 2090 s
275 2062 386 2143 aiebat-
427 2111 434 2125 .
457 2069 618 2142 Agustinus
639 2071 651 2146 (
672 2068 691 2134 l.
718 2093 751 2146 15
775 2066 811 2131 de
830 2067 894 2130 Ciu.
904 2065 958 2130 Dei
978 2072 1003 2127 c}
1023 2061 1090 2137 9.).·

274 2143 414 2208 Ordinem
434 2162 611 2216 caussarum
626 2167 682 2213 non
696 2167 851 2236 negamus,
875 2157 1087 2208 susurratum

274 2241 469 2310 consequens,
497 2243 531 2288 ut
559 2231 587 2289 si
608 2243 705 2292 cerrus
725 2241 770 2290 est
798 2226 870 2289 ordo
891 2239 1087 2301 caussarum,

275 2302 339 2364 ideo
358 2299 432 2363 nibil
449 2305 491 2362 su
507 2307 656 2367 innostra
664 2303 981 2374 uoluntarisarbs'ssio,
1003 2302 1089 2378 quip·

194 2381 197 2396 '
273 2397 311 2458 pt
330 2394 440 2446 uosrrae
458 2379 624 2448 uoluntates
642 2386 673 2446 irs
691 2399 865 2446 caussarum
883 2377 1087 2452 ordinarunt,
1137 2343 1152 2478 ,i

274 2497 795 2575 METAj’HYSICAE
824 2498 987 2566 PARS
1026 2495 1081 2588 lll.

413 2619 604 2708 Psycologia,
625 2621 691 2686 siue
709 2618 744 2686 de
765 2635 859 2691 mente
879 2607 1048 2692 banasa-''

275 2791 342 2862 ¹5⁸·
376 2787 405 2849 N
430 2785 484 2848 bac
504 2797 649 2862 postrema
677 2783 892 2859 Metaphysiaae
919 2796 1000 2857 parre
1022 2782 1080 2844 Re·
1127 2791 1129 2798 '

395 2866 562 2934 sentiarum
582 2863 724 2928 methodo
744 2865 941 2937 inherentes,
964 2865 1081 2937 prseter-

263 2939 360 3016 ¹misso
380 2941 513 3014 sermone
533 2941 569 3010 de
591 2943 728 3022 Angelis,
747 2941 784 3006 de
804 2942 906 3018 quibus
926 2938 1039 3018 exprof
1070 2976 1083 2992 ·

272 3049 304 3090 so
326 3043 415 3105 agunt
437 3021 599 3105 Theologi,
627 3023 829 3094 nobilissimam
860 3025 937 3086 inter
967 3037 1081 3095 creatu

239 3151 245 3157 -
271 3128 316 3190 ras
339 3114 494 3178 humanam
515 3121 662 3183 mentem,
684 3106 745 3168 sive
766 3103 936 3166 rationalem
958 3103 1079 3167 ananam

179 3203 190 3267 ᾗ
267 3187 547 3266 contemplabimur,
569 3185 685 3248 Animae
715 3183 815 3258 iraque
855 3188 990 3246 humanae
1017 3202 1080 3258 sup-

270 3267 365 3344 posita
393 3269 571 3343 existentia,
600 3265 637 3326 de
665 3284 720 3340 qua
751 3284 837 3326 nemo
867 3282 946 3327 sanae
974 3265 1079 3326 mentis

215 3402 219 3412 ,
259 3363 367 3424 ‘potest
388 3350 551 3428 ambigere,
579 3342 616 3406 de
644 3347 708 3422 ejus
741 3361 873 3422 natura,
905 3343 1012 3419 origine
1039 3340 1085 3404 de·

267 3423 423 3509 pendentia
446 3449 463 3494 a
485 3444 621 3506 corpore,
644 3443 733 3508 arque
753 3426 894 3502 potentiis
923 3420 1081 3501 disputabi-

271 3526 355 3582 milis

960 3587 1048 3658 'CA-
