2370 4148
317 285 375 332 220
515 333 518 338 ,
608 263 766 332 Elementn

275 366 339 414 rum
360 339 512 418 elleiluurn
531 366 647 420 caussas
662 345 852 434 ‘assignabant
874 348 996 416 occultus
1015 363 1078 429 qutJ

273 421 391 500 litotes,
422 445 475 488 nec
494 423 608 488 illorum
628 423 980 495 effettuumsufficienten
997 431 1078 511 rati05

271 524 358 584 nem,
380 493 435 578 nel
455 525 551 569 veram
572 524 721 582 propterea
742 527 874 572 caussam
893 511 1078 590 assignabant:

270 585 321 648 sed
341 587 455 651 inanem
479 586 635 649 terminum
645 593 696 662 pro‘
710 607 817 650 caussa
827 587 981 658 hebebant.
1001 593 1081 672 lgltut

226 719 229 726 .
270 665 441 744 principium
462 667 583 730 rationis
600 663 771 732 sufficientis
790 667 936 735 diversum
946 671 1021 753 plane
1039 688 1082 747 est

270 747 306 808 nb
330 743 379 808 illo
399 744 639 812 scholasticorum
656 745 780 811 nibilese
798 749 863 812 sine
878 769 1000 828 etune:
1019 765 1084 816 'cunr

269 829 325 891 hoc
344 825 502 890 secundum
524 825 647 904 pendeat
663 847 684 890 n
703 831 817 907 prirnot
839 831 863 905 si
883 825 961 895 enirn
982 827 1084 910 aliquid

269 905 330 971 fieri
359 925 457 982 potest
487 908 548 970 sine
576 909 690 973 ratione
717 907 899 989 sufficienti,
929 930 981 976 cur
1008 911 1084 996 fiat,

268 987 378 1064 poterit
398 989 491 1052 etiarn
512 987 621 1066 aliquid
642 987 703 1053 fieri
723 992 785 1054 sine
803 1009 922 1052 caussa.
1013 1012 1026 1062 ,·

309 1077 359 1136 28.
379 1067 460 1130 Nibil
480 1089 562 1144 porro
571 1068 708 1146 principio
720 1071 840 1131 rationis
860 1065 1085 1150 lufficientisop-

233 1173 236 1176 ¹
267 1148 420 1224 portunius
439 1145 474 1210 ad
503 1147 684 1224 inquirendas
714 1167 795 1210 veras
816 1163 912 1210 rerum
942 1169 1084 1228 caussas,

185 1265 209 1300 w
268 1248 338 1304 quas
358 1225 532 1302 inuestigare
553 1243 673 1290 tenetur
695 1219 881 1296 Philosophus
904 1275 913 1304 ,
944 1247 1030 1304 atque
1050 1229 1085 1292 ad

263 1303 718 1384 seponendannimlpraejudicn.
739 1310 817 1369 Cum
828 1305 920 1386 enirn
943 1303 1011 1370 nibil
1027 1310 1085 1372 exi·-

263 1403 343 1452 stete
363 1385 454 1463 possit
474 1385 578 1462 absque
595 1381 752 1463 sufficienti
774 1387 906 1465 ratione,
926 1385 1086 1452 oliesmun-

263 1465 315 1527 dus
336 1461 461 1527 fortuito
481 1466 640 1543 existeret,
660 1465 737 1545 quod
761 1463 915 1530 absurdum
933 1475 999 1548 est',
1023 1463 1087 1546 pro-¹

262 1538 339 1608 lcllo
358 1545 407 1612 ubi
428 1563 524 1610 rerum
540 1541 735 1610 sufficientem
755 1547 1085 1630 inquirimusrationem,

260 1621 347 1689 bollan
369 1625 758 1704 imaginatiotenrperatur,
782 1626 967 1695 severitates
985 1627 1013 1690 ln
1034 1649 1084 1691 na-

260 1721 337 1771 turae
345 1707 454 1784 gremio
473 1703 679 1771 delitescentes
702 1705 828 1774 feliciter
848 1707 1056 1772 inveniuntur.

299 1789 349 1860 eo
369 1791 411 1851 Ut
427 1803 530 1850 tameo
550 1790 673 1866 huiuaee
696 1789 826 1866 principii
848 1782 917 1864 usus
938 1781 1089 1864 latiuspa-⁴

258 1881 339 1945 tent,
364 1865 647 1948 advertendunest,
667 1867 812 1932 rationem
833 1859 1029 1948 sufficientem
1039 1865 1088 1930 vel

256 1949 463 2025 <sb-externis,
494 1945 540 2010 vel
562 1948 598 2012 ab
620 1949 745 2020 internis
774 1943 979 2017 desumendanr
999 1967 1090 2026 esse.
1160 1926 1162 1996 l

256 2027 313 2093 Ubi
322 2025 358 2092 de
378 2029 536 2098 existentia
546 2027 722 2092 substantia
742 2043 870 2106 creatae,
891 2027 1089 2107 ejnsqueno-

254 2105 299 2174 dis
319 2127 440 2188 agatur,
461 2110 539 2171 ratio
560 2108 706 2174 sufficiens
723 2109 894 2174 existentiae
915 2107 1094 2194 substantie

254 2189 412 2266 querenda·
430 2190 486 2252 erit
508 2190 537 2250 in
560 2209 678 2265 caussa,
701 2209 718 2266 o
739 2209 795 2265 qua
816 2206 883 2264 est,·
905 2189 987 2249 ratio
1015 2201 1091 2270 veto

253 2268 422 2333 existentiae
451 2265 606 2338 modorum
635 2269 741 2342 pertint
777 2269 814 2330 ab
846 2262 1093 2329 antecedentibus

252 2343 363 2422 modis,
387 2345 493 2424 partim
510 2343 546 2410 ab
567 2345 686 2407 entibus
709 2347 838 2408 externis
859 2342 984 2420 petendu
1010 2346 1094 2412 erit.

251 2423 279 2488 si
302 2439 370 2486 veto
390 2421 426 2487 de
444 2423 606 2486 existentia
627 2424 805 2488 substantiae
822 2424 993 2488 necessariae
1027 2443 1097 2490 ser·

249 2523 300 2568 ruo
320 2501 391 2586 fiat,
411 2505 489 2574 ratio
509 2498 655 2568 sufficiens
686 2524 740 2566 cut
761 2502 931 2567 existatiu*
956 2504 1092 2582 ipsamet

248 2585 376 2650 essentia
395 2581 584 2650 continetur.
606 2587 650 2648 At
670 2585 695 2648 si
716 2583 753 2648 de
762 2584 890 2648 essentia
907 2583 1095 2650 substantiae

247 2660 418 2744 loquamur,
437 2663 514 2728 ratio
535 2659 681 2730 sufficiens
704 2662 833 2745 ejusdem
856 2663 1027 2728 immediate
1038 2681 1094 2729 est

247 2743 277 2804 in
308 2745 367 2808 suis
388 2741 608 2822 essentialibus,
629 2765 664 2810 ac
685 2763 800 2810 remote
821 2745 936 2824 ineius
955 2763 1086 2824 neusse,

245 2822 277 2885 iit
294 2843 350 2902 qua
372 2826 542 2890 continetur
561 2823 608 2890 vel
624 2821 818 2911 formaliter,
840 2841 875 2890 ut
895 2827 979 2906 ajunt
1001 2820 1097 2887 scho-

230 2919 303 2984 ·tae,
325 2925 429 2984 nempe
450 2903 608 2970 secundum
630 2925 663 2969 se
684 2923 800 2987 totam,
822 2895 868 2970 iel
889 2906 1058 2970 eminenter
1083 2953 1095 2986 ,

208 3000 212 3019 t
245 2995 390 3060 quatenus
412 3007 511 3053 caussa
540 2983 743 3064 complellitur
774 3005 873 3064 omnes
902 2986 965 3063 ejus
985 2981 1097 3062 perfe-

192 3817 207 3880 l

244 3063 372 3132 clionee.
404 3063 627 3134 At'tributorunt
648 3067 727 3130 ratio
759 3061 909 3128 sufficiens·
924 3065 954 3127 in
976 3083 1096 3138 essen·

245 3145 361 3210 cialibus
386 3145 539 3224 quaerenda
561 3147 712 3211 estr‘hine
733 3145 902 3211 essentialia
931 3161 1098 3211 vocantur
1161 3201 1163 3204 .

243 3245 260 3288 a
281 3227 432 3292 Lelbnitio
440 3227 682 3294 determinantia:
702 3225 763 3308 ipsa
780 3243 848 3290 tero
869 3223 1014 3289 attributa
1038 3221 1092 3290 di-

156 3347 157 3356 t
242 3307 351 3369 c'untur
370 3303 593 3384 determinata,
626 3301 730 3384 nempe
750 3303 786 3369 ab
807 3305 1034 3370 essentialibus:
1069 3325 1093 3371 a

243 3387 344 3461 quibus
368 3387 461 3450 etiam
481 3387 556 3449 sumi
577 3383 665 3450 debet
686 3385 764 3449 ratio
785 3383 930 3452 sufficietis
951 3383 1098 3463 possibi-

229 3466 352 3546 -litatis,
376 3463 856 3542 velimpossibilitatisnrodorurn.
877 3463 932 3530 Sed
948 3465 1097 3531 'tationis

242 3545 415 3612 sellicientis
435 3565 504 3612 usus
527 3547 559 3617 is
579 3545 771 3626 Philosophiae
791 3566 939 3627 progressu
969 3545 1096 3611 clarius

245 3623 431 3700 innotescet.
472 3657 475 3662 ¹
724 3677 730 3700 ,
758 3676 763 3688 .
955 3627 1042 3692 ΜΕ·
