<?xml version="1.0" encoding="UTF-8"?>
<!DOCTYPE html PUBLIC "-//W3C//DTD XHTML 1.0 Transitional//EN"
    "http://www.w3.org/TR/xhtml1/DTD/xhtml1-transitional.dtd">
<html xmlns="http://www.w3.org/1999/xhtml" xml:lang="en" lang="en">
 <head>
  <title>
</title>
<meta http-equiv="Content-Type" content="text/html;charset=utf-8" />
  <meta name='ocr-system' content='tesseract 3.04.00' />
  <meta name='ocr-capabilities' content='ocr_page ocr_carea ocr_par ocr_line ocrx_word'/>
</head>
<body>
  <div class='ocr_page' id='page_1' title='image "./elementsphiloso03altigoog_0201.png"; bbox 0 0 2370 4148; ppageno 0'>
   <div class='ocr_carea' id='block_1_1' title="bbox 76 212 997 1091">
    <p class='ocr_par' dir='ltr' id='par_1_1' title="bbox 76 212 997 930">
     <span class='ocr_line' id='line_1_1' title="bbox 334 212 874 278; baseline 0.002 -1"><span class='ocrx_word' id='word_1_1' title='bbox 334 263 336 269; x_wconf 88' lang='lat'><em>.</em></span> <span class='ocrx_word' id='word_1_2' title='bbox 461 217 505 276; x_wconf 87' lang='lat' dir='ltr'>Lo</span> <span class='ocrx_word' id='word_1_3' title='bbox 525 212 596 276; x_wconf 72' lang='lat' dir='ltr'>icae,</span> <span class='ocrx_word' id='word_1_4' title='bbox 837 239 874 278; x_wconf 85' lang='lat'>20</span> 
     </span>
     <span class='ocr_line' id='line_1_2' title="bbox 111 231 932 382; baseline -0.012 -17"><span class='ocrx_word' id='word_1_5' title='bbox 111 297 224 365; x_wconf 76' lang='lat' dir='ltr'>nuliam</span> <span class='ocrx_word' id='word_1_6' title='bbox 247 300 315 359; x_wconf 84' lang='lat' dir='ltr'>Deo</span> <span class='ocrx_word' id='word_1_7' title='bbox 335 295 461 370; x_wconf 78' lang='lat' dir='ltr'>irrogant</span> <span class='ocrx_word' id='word_1_8' title='bbox 482 231 623 354; x_wconf 62' lang='lat' dir='ltr'>minodncii</span> <span class='ocrx_word' id='word_1_9' title='bbox 645 291 764 357; x_wconf 77' lang='lat' dir='ltr'>notam&#39;,</span> <span class='ocrx_word' id='word_1_10' title='bbox 791 237 932 382; x_wconf 63' lang='lat' dir='ltr'>Quartin-</span> 
     </span>
     <span class='ocr_line' id='line_1_3' title="bbox 114 371 932 458; baseline -0.01 -14"><span class='ocrx_word' id='word_1_11' title='bbox 114 382 229 458; x_wconf 82' lang='lat' dir='ltr'>quidem</span> <span class='ocrx_word' id='word_1_12' title='bbox 258 376 426 450; x_wconf 71' lang='lat' dir='ltr'>certissimis</span> <span class='ocrx_word' id='word_1_13' title='bbox 455 371 521 435; x_wconf 75' lang='lat' dir='ltr'>fidet</span> <span class='ocrx_word' id='word_1_14' title='bbox 541 389 650 435; x_wconf 81' lang='lat' dir='ltr'>nostrae</span> <span class='ocrx_word' id='word_1_15' title='bbox 670 373 814 450; x_wconf 84' lang='lat' dir='ltr'>principiis</span> <span class='ocrx_word' id='word_1_16' title='bbox 836 375 932 439; x_wconf 87' lang='lat' dir='ltr'>etudi-</span> 
     </span>
     <span class='ocr_line' id='line_1_4' title="bbox 114 453 936 538; baseline -0.009 -15"><span class='ocrx_word' id='word_1_17' title='bbox 114 483 191 538; x_wconf 85' lang='lat' dir='ltr'><strong>mur,</strong></span> <span class='ocrx_word' id='word_1_18' title='bbox 212 461 241 522; x_wconf 89' lang='lat' dir='ltr'>in</span> <span class='ocrx_word' id='word_1_19' title='bbox 263 461 317 519; x_wconf 84' lang='lat' dir='ltr'>hoc</span> <span class='ocrx_word' id='word_1_20' title='bbox 338 463 522 519; x_wconf 79' lang='lat' dir='ltr'>sacramento</span> <span class='ocrx_word' id='word_1_21' title='bbox 543 453 655 516; x_wconf 83' lang='lat' dir='ltr'>Christi</span> <span class='ocrx_word' id='word_1_22' title='bbox 675 458 788 530; x_wconf 87' lang='lat' dir='ltr'>Corpus</span> <span class='ocrx_word' id='word_1_23' title='bbox 808 478 841 519; x_wconf 89' lang='lat' dir='ltr'>ac</span> <span class='ocrx_word' id='word_1_24' title='bbox 862 464 936 520; x_wconf 78' lang='lat' dir='ltr'>San-</span> 
     </span>
     <span class='ocr_line' id='line_1_5' title="bbox 76 531 935 619; baseline -0.008 -15"><span class='ocrx_word' id='word_1_25' title='bbox 76 587 79 594; x_wconf 33' lang='grc' dir='ltr'><em>ι</em></span> <span class='ocrx_word' id='word_1_26' title='bbox 114 543 233 619; x_wconf 85' lang='lat' dir='ltr'>guinem</span> <span class='ocrx_word' id='word_1_27' title='bbox 254 536 307 600; x_wconf 82' lang='lat' dir='ltr'>sub</span> <span class='ocrx_word' id='word_1_28' title='bbox 327 535 428 612; x_wconf 79' lang='lat' dir='ltr'>panis,</span> <span class='ocrx_word' id='word_1_29' title='bbox 449 531 568 608; x_wconf 87' lang='lat' dir='ltr'>vinique</span> <span class='ocrx_word' id='word_1_30' title='bbox 585 534 732 606; x_wconf 81' lang='lat' dir='ltr'>speciebus</span> <span class='ocrx_word' id='word_1_31' title='bbox 741 533 935 611; x_wconf 74' lang='lat' dir='ltr'>delitescere,</span> 
     </span>
     <span class='ocr_line' id='line_1_6' title="bbox 113 614 997 719; baseline -0.006 -35"><span class='ocrx_word' id='word_1_32' title='bbox 113 633 151 684; x_wconf 78' lang='lat' dir='ltr'>at</span> <span class='ocrx_word' id='word_1_33' title='bbox 178 633 330 697; x_wconf 86' lang='lat' dir='ltr'>propterea</span> <span class='ocrx_word' id='word_1_34' title='bbox 358 617 383 676; x_wconf 86' lang='lat' dir='ltr'>si</span> <span class='ocrx_word' id='word_1_35' title='bbox 403 632 485 676; x_wconf 81' lang='lat' dir='ltr'>mens</span> <span class='ocrx_word' id='word_1_36' title='bbox 505 632 640 719; x_wconf 62' lang='lat' dir='ltr'>sensnpm</span> <span class='ocrx_word' id='word_1_37' title='bbox 662 614 936 690; x_wconf 46' lang='lat' dir='ltr'>renuntiationibus,</span> <span class='ocrx_word' id='word_1_38' title='bbox 993 670 997 679; x_wconf 78' lang='grc'>,</span> 
     </span>
     <span class='ocr_line' id='line_1_7' title="bbox 115 691 936 774; baseline -0.009 -12"><span class='ocrx_word' id='word_1_39' title='bbox 115 701 164 762; x_wconf 90' lang='lat' dir='ltr'>hic</span> <span class='ocrx_word' id='word_1_40' title='bbox 196 695 403 773; x_wconf 86' lang='lat' dir='ltr'>assentiatur,</span> <span class='ocrx_word' id='word_1_41' title='bbox 425 691 492 755; x_wconf 83' lang='lat' dir='ltr'>talis</span> <span class='ocrx_word' id='word_1_42' title='bbox 514 712 593 754; x_wconf 88' lang='lat' dir='ltr'>error</span> <span class='ocrx_word' id='word_1_43' title='bbox 614 713 671 754; x_wconf 93' lang='lat' dir='ltr'>non</span> <span class='ocrx_word' id='word_1_44' title='bbox 693 697 762 758; x_wconf 88' lang='lat' dir='ltr'>Deo</span> <span class='ocrx_word' id='word_1_45' title='bbox 781 744 793 774; x_wconf 85' lang='lat'>‚.</span> <span class='ocrx_word' id='word_1_46' title='bbox 811 696 861 771; x_wconf 90' lang='lat' dir='ltr'>qui</span> <span class='ocrx_word' id='word_1_47' title='bbox 882 715 936 771; x_wconf 86' lang='lat' dir='ltr'>per</span> 
     </span>
     <span class='ocr_line' id='line_1_8' title="bbox 115 770 933 852; baseline -0.006 -10"><span class='ocrx_word' id='word_1_48' title='bbox 115 779 202 842; x_wconf 82' lang='lat' dir='ltr'>fidem</span> <span class='ocrx_word' id='word_1_49' title='bbox 233 796 285 836; x_wconf 92' lang='lat' dir='ltr'>nos</span> <span class='ocrx_word' id='word_1_50' title='bbox 316 775 437 849; x_wconf 81' lang='lat' dir='ltr'>hujusce</span> <span class='ocrx_word' id='word_1_51' title='bbox 464 773 572 836; x_wconf 83' lang='lat' dir='ltr'>erroris</span> <span class='ocrx_word' id='word_1_52' title='bbox 590 770 741 838; x_wconf 85' lang='lat' dir='ltr'>admonuit</span> <span class='ocrx_word' id='word_1_53' title='bbox 761 823 774 850; x_wconf 79' lang='lat'><strong>„</strong></span> <span class='ocrx_word' id='word_1_54' title='bbox 802 773 856 838; x_wconf 87' lang='lat' dir='ltr'>sed</span> <span class='ocrx_word' id='word_1_55' title='bbox 879 775 933 852; x_wconf 89' lang='lat' dir='ltr'>ipsi</span> 
     </span>
     <span class='ocr_line' id='line_1_9' title="bbox 114 853 465 920; baseline -0.021 1"><span class='ocrx_word' id='word_1_56' title='bbox 114 857 211 920; x_wconf 87' lang='lat' dir='ltr'>menti</span> <span class='ocrx_word' id='word_1_57' title='bbox 230 853 402 917; x_wconf 81' lang='lat' dir='ltr'>tribuendus</span> <span class='ocrx_word' id='word_1_58' title='bbox 419 867 485 914; x_wconf 85' lang='lat' dir='ltr'>est.</span> 
     </span>
    </p>

    <p class='ocr_par' dir='ltr' id='par_1_2' title="bbox 114 929 936 1091">
     <span class='ocr_line' id='line_1_10' title="bbox 156 929 936 1008; baseline -0.008 -8"><span class='ocrx_word' id='word_1_59' title='bbox 156 947 226 1000; x_wconf 79' lang='lat'>216.</span> <span class='ocrx_word' id='word_1_60' title='bbox 255 932 366 996; x_wconf 76' lang='lat' dir='ltr'>Eadem</span> <span class='ocrx_word' id='word_1_61' title='bbox 382 947 428 994; x_wconf 90' lang='lat' dir='ltr'>est</span> <span class='ocrx_word' id='word_1_62' title='bbox 449 931 596 1006; x_wconf 76' lang='lat' dir='ltr'>responsio</span> <span class='ocrx_word' id='word_1_63' title='bbox 614 929 648 992; x_wconf 90' lang='lat' dir='ltr'>ad</span> <span class='ocrx_word' id='word_1_64' title='bbox 670 929 742 993; x_wconf 88' lang='lat' dir='ltr'>alias</span> <span class='ocrx_word' id='word_1_65' title='bbox 763 979 772 1008; x_wconf 84' lang='lat'>,</span> <span class='ocrx_word' id='word_1_66' title='bbox 802 953 872 1006; x_wconf 75' lang='lat' dir='ltr'>quas</span> <span class='ocrx_word' id='word_1_67' title='bbox 904 934 936 994; x_wconf 87' lang='lat' dir='ltr'>in</span> 
     </span>
     <span class='ocr_line' id='line_1_11' title="bbox 114 1008 934 1091; baseline -0.006 -13"><span class='ocrx_word' id='word_1_68' title='bbox 114 1013 270 1091; x_wconf 81' lang='lat' dir='ltr'>scripturis</span> <span class='ocrx_word' id='word_1_69' title='bbox 293 1011 420 1088; x_wconf 78' lang='lat' dir='ltr'>-legimus</span> <span class='ocrx_word' id='word_1_70' title='bbox 442 1008 533 1073; x_wconf 68' lang='lat' dir='ltr'>fatias</span> <span class='ocrx_word' id='word_1_71' title='bbox 560 1015 620 1074; x_wconf 87' lang='lat' dir='ltr'>Dei</span> <span class='ocrx_word' id='word_1_72' title='bbox 645 1013 758 1072; x_wconf 86' lang='lat' dir='ltr'>virtute</span> <span class='ocrx_word' id='word_1_73' title='bbox 778 1013 934 1086; x_wconf 81' lang='lat' dir='ltr'>apparitio-</span> 
     </span>
    </p>
   </div>
   <div class='ocr_carea' id='block_1_2' title="bbox 19 1088 1030 1252">
    <p class='ocr_par' dir='ltr' id='par_1_3' title="bbox 19 1088 1030 1252">
     <span class='ocr_line' id='line_1_12' title="bbox 114 1088 1030 1172; baseline 0 -16"><span class='ocrx_word' id='word_1_74' title='bbox 114 1115 165 1158; x_wconf 86' lang='lat' dir='ltr'>nes</span> <span class='ocrx_word' id='word_1_75' title='bbox 187 1141 195 1156; x_wconf 94' lang='lat'><strong>.</strong></span> <span class='ocrx_word' id='word_1_76' title='bbox 226 1097 342 1172; x_wconf 86' lang='lat' dir='ltr'>Nempe</span> <span class='ocrx_word' id='word_1_77' title='bbox 365 1113 433 1156; x_wconf 88' lang='lat' dir='ltr'>cum</span> <span class='ocrx_word' id='word_1_78' title='bbox 454 1091 576 1167; x_wconf 84' lang='lat' dir='ltr'>Spiritus</span> <span class='ocrx_word' id='word_1_79' title='bbox 597 1088 713 1154; x_wconf 71' lang='lat' dir='ltr'>santius</span> <span class='ocrx_word' id='word_1_80' title='bbox 734 1091 762 1152; x_wconf 88' lang='lat' dir='ltr'>in</span> <span class='ocrx_word' id='word_1_81' title='bbox 784 1090 931 1156; x_wconf 82' lang='lat' dir='ltr'>columbae</span> <span class='ocrx_word' id='word_1_82' title='bbox 1027 1122 1030 1130; x_wconf 93' lang='lat'>·</span> 
     </span>
     <span class='ocr_line' id='line_1_13' title="bbox 19 1169 932 1252; baseline -0.003 -14"><span class='ocrx_word' id='word_1_83' title='bbox 19 1219 21 1224; x_wconf 83' lang='lat'><em>.</em></span> <span class='ocrx_word' id='word_1_84' title='bbox 58 1181 59 1184; x_wconf 74' lang='grc'>’</span> <span class='ocrx_word' id='word_1_85' title='bbox 112 1177 208 1252; x_wconf 89' lang='lat' dir='ltr'>specie</span> <span class='ocrx_word' id='word_1_86' title='bbox 229 1225 238 1252; x_wconf 89' lang='lat'>‚</span> <span class='ocrx_word' id='word_1_87' title='bbox 267 1190 321 1238; x_wconf 83' lang='lat' dir='ltr'>aut</span> <span class='ocrx_word' id='word_1_88' title='bbox 340 1173 372 1234; x_wconf 90' lang='lat' dir='ltr'>in</span> <span class='ocrx_word' id='word_1_89' title='bbox 390 1169 481 1234; x_wconf 88' lang='lat' dir='ltr'>forma</span> <span class='ocrx_word' id='word_1_90' title='bbox 503 1169 664 1248; x_wconf 83' lang='lat' dir='ltr'>linguarum</span> <span class='ocrx_word' id='word_1_91' title='bbox 685 1171 761 1247; x_wconf 85' lang='lat' dir='ltr'>ignis</span> <span class='ocrx_word' id='word_1_92' title='bbox 776 1173 932 1249; x_wconf 74' lang='lat' dir='ltr'>apparuit,</span> 
     </span>
    </p>
   </div>
   <div class='ocr_carea' id='block_1_3' title="bbox 112 1249 930 1330">
    <p class='ocr_par' dir='ltr' id='par_1_4' title="bbox 112 1249 930 1330">
     <span class='ocr_line' id='line_1_14' title="bbox 112 1249 930 1330; baseline -0.002 -12"><span class='ocrx_word' id='word_1_93' title='bbox 112 1272 164 1318; x_wconf 81' lang='lat' dir='ltr'>aut</span> <span class='ocrx_word' id='word_1_94' title='bbox 193 1277 262 1318; x_wconf 90' lang='lat' dir='ltr'>cum</span> <span class='ocrx_word' id='word_1_95' title='bbox 288 1254 423 1318; x_wconf 84' lang='lat' dir='ltr'>Christus</span> <span class='ocrx_word' id='word_1_96' title='bbox 453 1252 599 1314; x_wconf 83' lang='lat' dir='ltr'>Dominus</span> <span class='ocrx_word' id='word_1_97' title='bbox 620 1251 675 1314; x_wconf 86' lang='lat' dir='ltr'>sub</span> <span class='ocrx_word' id='word_1_98' title='bbox 694 1249 843 1314; x_wconf 82' lang='lat' dir='ltr'>hortulani</span> <span class='ocrx_word' id='word_1_99' title='bbox 863 1301 871 1330; x_wconf 84' lang='lat'>‚</span> <span class='ocrx_word' id='word_1_100' title='bbox 892 1273 930 1316; x_wconf 85' lang='lat' dir='ltr'>ac</span> 
     </span>
    </p>
   </div>
   <div class='ocr_carea' id='block_1_4' title="bbox 112 1330 1039 1412">
    <p class='ocr_par' dir='ltr' id='par_1_5' title="bbox 112 1330 1039 1412">
     <span class='ocr_line' id='line_1_15' title="bbox 112 1330 1039 1412; baseline -0.002 -14"><span class='ocrx_word' id='word_1_101' title='bbox 112 1336 251 1412; x_wconf 78' lang='lat' dir='ltr'>peregrini</span> <span class='ocrx_word' id='word_1_102' title='bbox 272 1334 400 1412; x_wconf 79' lang='lat' dir='ltr'>imagine</span> <span class='ocrx_word' id='word_1_103' title='bbox 417 1349 499 1395; x_wconf 82' lang='lat' dir='ltr'>se¹se</span> <span class='ocrx_word' id='word_1_104' title='bbox 520 1330 675 1395; x_wconf 83' lang='lat' dir='ltr'>videntium</span> <span class='ocrx_word' id='word_1_105' title='bbox 695 1331 844 1396; x_wconf 78' lang='lat' dir='ltr'>exhibuit.</span> <span class='ocrx_word' id='word_1_106' title='bbox 866 1336 930 1396; x_wconf 80' lang='lat' dir='ltr'>Hae</span> <span class='ocrx_word' id='word_1_107' title='bbox 1028 1361 1039 1366; x_wconf 87' lang='grc'><strong><em>·</em></strong></span> 
     </span>
    </p>
   </div>
   <div class='ocr_carea' id='block_1_5' title="bbox 36 1411 939 2679">
    <p class='ocr_par' dir='ltr' id='par_1_6' title="bbox 36 1411 939 1800">
     <span class='ocr_line' id='line_1_16' title="bbox 111 1411 932 1492; baseline -0.006 -13"><span class='ocrx_word' id='word_1_108' title='bbox 111 1417 190 1479; x_wconf 88' lang='lat' dir='ltr'>enim</span> <span class='ocrx_word' id='word_1_109' title='bbox 211 1415 419 1492; x_wconf 79' lang='lat' dir='ltr'>apparitiones,</span> <span class='ocrx_word' id='word_1_110' title='bbox 449 1429 503 1473; x_wconf 84' lang='lat' dir='ltr'>aut</span> <span class='ocrx_word' id='word_1_111' title='bbox 530 1411 640 1488; x_wconf 85' lang='lat' dir='ltr'>absque</span> <span class='ocrx_word' id='word_1_112' title='bbox 656 1413 715 1474; x_wconf 88' lang='lat' dir='ltr'>teri</span> <span class='ocrx_word' id='word_1_113' title='bbox 735 1413 862 1490; x_wconf 82' lang='lat' dir='ltr'>corporis</span> <span class='ocrx_word' id='word_1_114' title='bbox 887 1415 932 1476; x_wconf 91' lang='lat' dir='ltr'>in-</span> 
     </span>
     <span class='ocr_line' id='line_1_17' title="bbox 36 1488 933 1571; baseline -0.003 -14"><span class='ocrx_word' id='word_1_115' title='bbox 36 1512 44 1528; x_wconf 54' lang='lat' dir='ltr'><em>s</em></span> <span class='ocrx_word' id='word_1_116' title='bbox 113 1511 249 1558; x_wconf 82' lang='lat' dir='ltr'>terventu</span> <span class='ocrx_word' id='word_1_117' title='bbox 272 1492 355 1557; x_wconf 61' lang='lat' dir='ltr'>faoiae</span> <span class='ocrx_word' id='word_1_118' title='bbox 377 1515 434 1555; x_wconf 92' lang='lat' dir='ltr'>non</span> <span class='ocrx_word' id='word_1_119' title='bbox 457 1488 594 1553; x_wconf 79' lang='lat' dir='ltr'>suerunt:</span> <span class='ocrx_word' id='word_1_120' title='bbox 619 1510 675 1556; x_wconf 87' lang='lat' dir='ltr'>aut</span> <span class='ocrx_word' id='word_1_121' title='bbox 700 1491 858 1569; x_wconf 84' lang='lat' dir='ltr'>siquando</span> <span class='ocrx_word' id='word_1_122' title='bbox 878 1514 933 1571; x_wconf 89' lang='lat' dir='ltr'>per</span> 
     </span>
     <span class='ocr_line' id='line_1_18' title="bbox 112 1573 939 1654; baseline 0.001 -18"><span class='ocrx_word' id='word_1_123' title='bbox 112 1594 197 1651; x_wconf 76' lang='lat' dir='ltr'>paras</span> <span class='ocrx_word' id='word_1_124' title='bbox 216 1576 354 1650; x_wconf 84' lang='lat' dir='ltr'>imagines</span> <span class='ocrx_word' id='word_1_125' title='bbox 374 1589 554 1648; x_wconf 84' lang='lat' dir='ltr'>evenerunt,</span> <span class='ocrx_word' id='word_1_126' title='bbox 575 1573 763 1654; x_wconf 79' lang='lat' dir='ltr'>mysterium,</span> <span class='ocrx_word' id='word_1_127' title='bbox 786 1573 862 1651; x_wconf 91' lang='lat' dir='ltr'>quod</span> <span class='ocrx_word' id='word_1_128' title='bbox 879 1573 939 1637; x_wconf 85' lang='lat' dir='ltr'>sub</span> 
     </span>
     <span class='ocr_line' id='line_1_19' title="bbox 111 1652 935 1734; baseline 0.001 -16"><span class='ocrx_word' id='word_1_129' title='bbox 111 1656 179 1732; x_wconf 86' lang='lat' dir='ltr'>ipsis</span> <span class='ocrx_word' id='word_1_130' title='bbox 200 1654 312 1720; x_wconf 85' lang='lat' dir='ltr'>latebat</span> <span class='ocrx_word' id='word_1_131' title='bbox 331 1652 408 1734; x_wconf 19' lang='lat' dir='ltr'>,sat</span> <span class='ocrx_word' id='word_1_132' title='bbox 425 1669 545 1716; x_wconf 88' lang='lat' dir='ltr'>omnem</span> <span class='ocrx_word' id='word_1_133' title='bbox 562 1653 787 1730; x_wconf 65' lang='lat' dir='ltr'>praecavendum.</span> <span class='ocrx_word' id='word_1_134' title='bbox 804 1673 935 1719; x_wconf 82' lang='lat' dir='ltr'>errorem</span> 
     </span>
     <span class='ocr_line' id='line_1_20' title="bbox 112 1733 473 1800; baseline 0 -2"><span class='ocrx_word' id='word_1_135' title='bbox 112 1733 175 1800; x_wconf 84' lang='lat' dir='ltr'>suit</span> <span class='ocrx_word' id='word_1_136' title='bbox 193 1737 273 1800; x_wconf 81' lang='lat' dir='ltr'>inico</span> <span class='ocrx_word' id='word_1_137' title='bbox 292 1751 473 1799; x_wconf 46' lang='lat' dir='ltr'>reseratum*</span> 
     </span>
    </p>

    <p class='ocr_par' dir='ltr' id='par_1_7' title="bbox 110 1811 937 2679">
     <span class='ocr_line' id='line_1_21' title="bbox 153 1811 932 1893; baseline -0.008 -13"><span class='ocrx_word' id='word_1_138' title='bbox 153 1841 225 1893; x_wconf 76' lang='lat'>217.</span> <span class='ocrx_word' id='word_1_139' title='bbox 243 1817 289 1879; x_wconf 79' lang='lat' dir='ltr'>nn</span> <span class='ocrx_word' id='word_1_140' title='bbox 310 1815 464 1879; x_wconf 82' lang='lat' dir='ltr'>ultimum.</span> <span class='ocrx_word' id='word_1_141' title='bbox 492 1816 601 1878; x_wconf 77' lang='lat' dir='ltr'>Latvae·</span> <span class='ocrx_word' id='word_1_142' title='bbox 614 1857 627 1893; x_wconf 86' lang='lat'>·,</span> <span class='ocrx_word' id='word_1_143' title='bbox 647 1811 685 1878; x_wconf 76' lang='grc' dir='ltr'>δε</span> <span class='ocrx_word' id='word_1_144' title='bbox 702 1811 809 1890; x_wconf 71' lang='lat' dir='ltr'>sperne</span> <span class='ocrx_word' id='word_1_145' title='bbox 831 1833 849 1874; x_wconf 86' lang='lat' dir='ltr'>a</span> <span class='ocrx_word' id='word_1_146' title='bbox 870 1833 932 1875; x_wconf 85' lang='lat' dir='ltr'>ma·</span> 
     </span>
     <span class='ocr_line' id='line_1_22' title="bbox 112 1891 930 1972; baseline 0.005 -17"><span class='ocrx_word' id='word_1_147' title='bbox 112 1893 194 1966; x_wconf 77' lang='lat' dir='ltr'>lignis</span> <span class='ocrx_word' id='word_1_148' title='bbox 215 1895 359 1970; x_wconf 86' lang='lat' dir='ltr'>spiritibus</span> <span class='ocrx_word' id='word_1_149' title='bbox 380 1895 459 1957; x_wconf 91' lang='lat' dir='ltr'>nobis</span> <span class='ocrx_word' id='word_1_150' title='bbox 480 1893 655 1970; x_wconf 83' lang='lat' dir='ltr'>quandoque</span> <span class='ocrx_word' id='word_1_151' title='bbox 678 1891 787 1972; x_wconf 69' lang='lat' dir='ltr'>obiada</span> <span class='ocrx_word' id='word_1_152' title='bbox 806 1941 819 1970; x_wconf 19' lang='lat' dir='ltr'>,a</span> <span class='ocrx_word' id='word_1_153' title='bbox 844 1894 930 1970; x_wconf 72' lang='lat' dir='ltr'>juxte</span> 
     </span>
     <span class='ocr_line' id='line_1_23' title="bbox 112 1971 933 2052; baseline 0 -16"><span class='ocrx_word' id='word_1_154' title='bbox 112 1973 271 2049; x_wconf 82' lang='lat' dir='ltr'>aiiquorum</span> <span class='ocrx_word' id='word_1_155' title='bbox 292 1975 468 2038; x_wconf 88' lang='lat' dir='ltr'>sententiam</span> <span class='ocrx_word' id='word_1_156' title='bbox 477 2021 490 2052; x_wconf 86' lang='lat'>,.</span> <span class='ocrx_word' id='word_1_157' title='bbox 517 1974 631 2036; x_wconf 87' lang='lat' dir='ltr'>nonnisi</span> <span class='ocrx_word' id='word_1_158' title='bbox 651 1995 718 2036; x_wconf 91' lang='lat' dir='ltr'>cum</span> <span class='ocrx_word' id='word_1_159' title='bbox 739 1971 933 2049; x_wconf 84' lang='lat' dir='ltr'>quorumdam</span> 
     </span>
     <span class='ocr_line' id='line_1_24' title="bbox 110 2053 931 2130; baseline -0.005 -12"><span class='ocrx_word' id='word_1_160' title='bbox 110 2053 234 2118; x_wconf 73' lang='lat' dir='ltr'>realium</span> <span class='ocrx_word' id='word_1_161' title='bbox 259 2073 412 2129; x_wconf 86' lang='lat' dir='ltr'>corporum</span> <span class='ocrx_word' id='word_1_162' title='bbox 438 2053 638 2128; x_wconf 77' lang='lat' dir='ltr'>assumptione</span> <span class='ocrx_word' id='word_1_163' title='bbox 664 2069 785 2130; x_wconf 83' lang='lat' dir='ltr'>possunt</span> <span class='ocrx_word' id='word_1_164' title='bbox 813 2053 931 2115; x_wconf 88' lang='lat' dir='ltr'>contin-</span> 
     </span>
     <span class='ocr_line' id='line_1_25' title="bbox 112 2133 930 2212; baseline 0.001 -16"><span class='ocrx_word' id='word_1_165' title='bbox 112 2141 183 2212; x_wconf 76' lang='lat' dir='ltr'>gere</span> <span class='ocrx_word' id='word_1_166' title='bbox 199 2152 214 2212; x_wconf 74' lang='lat'>‚⁹</span> <span class='ocrx_word' id='word_1_167' title='bbox 231 2133 308 2211; x_wconf 84' lang='lat' dir='ltr'>quoti</span> <span class='ocrx_word' id='word_1_168' title='bbox 329 2133 356 2198; x_wconf 87' lang='lat' dir='ltr'>si</span> <span class='ocrx_word' id='word_1_169' title='bbox 374 2150 475 2200; x_wconf 81' lang='lat' dir='ltr'>terum</span> <span class='ocrx_word' id='word_1_170' title='bbox 497 2149 545 2196; x_wconf 49' lang='lat' dir='ltr'>est*</span> <span class='ocrx_word' id='word_1_171' title='bbox 563 2180 576 2209; x_wconf 68' lang='lat'>,</span> <span class='ocrx_word' id='word_1_172' title='bbox 593 2147 679 2209; x_wconf 81' lang='lat' dir='ltr'>patet</span> <span class='ocrx_word' id='word_1_173' title='bbox 697 2153 737 2196; x_wconf 78' lang='lat' dir='ltr'>ex</span> <span class='ocrx_word' id='word_1_174' title='bbox 753 2135 808 2197; x_wconf 85' lang='lat' dir='ltr'>hoc</span> <span class='ocrx_word' id='word_1_175' title='bbox 828 2133 930 2209; x_wconf 71' lang='lat' dir='ltr'>capite</span> 
     </span>
     <span class='ocr_line' id='line_1_26' title="bbox 111 2211 929 2290; baseline -0.002 -14"><span class='ocrx_word' id='word_1_176' title='bbox 111 2235 263 2290; x_wconf 88' lang='lat' dir='ltr'>corporum</span> <span class='ocrx_word' id='word_1_177' title='bbox 286 2211 389 2276; x_wconf 84' lang='lat' dir='ltr'>saitem</span> <span class='ocrx_word' id='word_1_178' title='bbox 411 2212 603 2278; x_wconf 82' lang='lat' dir='ltr'>existentiam</span> <span class='ocrx_word' id='word_1_179' title='bbox 618 2233 677 2274; x_wconf 83' lang='lat' dir='ltr'>non</span> <span class='ocrx_word' id='word_1_180' title='bbox 699 2213 815 2277; x_wconf 65' lang='lat' dir='ltr'>everti,</span> <span class='ocrx_word' id='word_1_181' title='bbox 833 2215 929 2278; x_wconf 84' lang='lat' dir='ltr'>Dein·</span> 
     </span>
     <span class='ocr_line' id='line_1_27' title="bbox 110 2291 930 2372; baseline 0 -16"><span class='ocrx_word' id='word_1_182' title='bbox 110 2292 146 2356; x_wconf 79' lang='lat' dir='ltr'>d&#39;e</span> <span class='ocrx_word' id='word_1_183' title='bbox 166 2292 367 2372; x_wconf 81' lang='lat' dir='ltr'>hujuscemodi</span> <span class='ocrx_word' id='word_1_184' title='bbox 384 2293 472 2358; x_wconf 85' lang='lat' dir='ltr'>larvae</span> <span class='ocrx_word' id='word_1_185' title='bbox 494 2311 591 2368; x_wconf 81' lang='lat' dir='ltr'>neque</span> <span class='ocrx_word' id='word_1_186' title='bbox 608 2291 930 2369; x_wconf 62' lang='lat' dir='ltr'>numennumen-</span> 
     </span>
     <span class='ocr_line' id='line_1_28' title="bbox 112 2369 937 2450; baseline 0 -14"><span class='ocrx_word' id='word_1_187' title='bbox 112 2375 156 2436; x_wconf 85' lang='lat' dir='ltr'>&#39;tes</span> <span class='ocrx_word' id='word_1_188' title='bbox 177 2423 185 2450; x_wconf 88' lang='lat'>,</span> <span class='ocrx_word' id='word_1_189' title='bbox 207 2393 304 2449; x_wconf 86' lang='lat' dir='ltr'>neque·</span> <span class='ocrx_word' id='word_1_190' title='bbox 319 2369 498 2449; x_wconf 78' lang='lat' dir='ltr'>uniformes,</span> <span class='ocrx_word' id='word_1_191' title='bbox 518 2370 812 2436; x_wconf 81' lang='lat' dir='ltr'>sed-donnitantium</span> <span class='ocrx_word' id='word_1_192' title='bbox 831 2373 937 2446; x_wconf 75' lang='lat' dir='ltr'>potius</span> 
     </span>
     <span class='ocr_line' id='line_1_29' title="bbox 112 2451 930 2531; baseline -0.001 -16"><span class='ocrx_word' id='word_1_193' title='bbox 112 2453 284 2528; x_wconf 84' lang='lat' dir='ltr'>imaginibus</span> <span class='ocrx_word' id='word_1_194' title='bbox 306 2452 493 2531; x_wconf 86' lang='lat' dir='ltr'>persimiles,</span> <span class='ocrx_word' id='word_1_195' title='bbox 521 2471 556 2516; x_wconf 88' lang='lat' dir='ltr'>ac</span> <span class='ocrx_word' id='word_1_196' title='bbox 585 2469 737 2528; x_wconf 86' lang='lat' dir='ltr'>propterea</span> <span class='ocrx_word' id='word_1_197' title='bbox 756 2473 793 2515; x_wconf 81' lang='lat' dir='ltr'>ert</span> <span class='ocrx_word' id='word_1_198' title='bbox 814 2451 930 2516; x_wconf 84' lang='lat' dir='ltr'>illarum</span> 
     </span>
     <span class='ocr_line' id='line_1_30' title="bbox 110 2532 933 2613; baseline 0.004 -19"><span class='ocrx_word' id='word_1_199' title='bbox 110 2535 310 2596; x_wconf 87' lang='lat' dir='ltr'>sensationnm</span> <span class='ocrx_word' id='word_1_200' title='bbox 330 2547 454 2599; x_wconf 87' lang='lat' dir='ltr'>numero</span> <span class='ocrx_word' id='word_1_201' title='bbox 469 2549 703 2613; x_wconf 81' lang='lat' dir='ltr'>expunguntur,</span> <span class='ocrx_word' id='word_1_202' title='bbox 723 2551 790 2609; x_wconf 79' lang='lat' dir='ltr'>quae</span> <span class='ocrx_word' id='word_1_203' title='bbox 810 2532 933 2597; x_wconf 84' lang='lat' dir='ltr'>sensibi-</span> 
     </span>
     <span class='ocr_line' id='line_1_31' title="bbox 110 2611 596 2679; baseline -0.006 -3"><span class='ocrx_word' id='word_1_204' title='bbox 110 2611 171 2676; x_wconf 84' lang='lat' dir='ltr'>lem</span> <span class='ocrx_word' id='word_1_205' title='bbox 188 2614 380 2678; x_wconf 84' lang='lat' dir='ltr'>constituunt</span> <span class='ocrx_word' id='word_1_206' title='bbox 396 2612 596 2679; x_wconf 72' lang='lat' dir='ltr'>evidentiam.</span> 
     </span>
    </p>
   </div>
   <div class='ocr_carea' id='block_1_6' title="bbox 111 2769 935 2931">
    <p class='ocr_par' dir='ltr' id='par_1_8' title="bbox 111 2769 935 2931">
     <span class='ocr_line' id='line_1_32' title="bbox 111 2769 935 2844; baseline -0.015 0"><span class='ocrx_word' id='word_1_207' title='bbox 111 2769 566 2844; x_wconf 65' lang='lat' dir='ltr'>tuoeosrrrornnnnn&#39;cae</span> <span class='ocrx_word' id='word_1_208' title='bbox 572 2771 712 2837; x_wconf 70' lang='lat' dir='ltr'>veritaris</span> <span class='ocrx_word' id='word_1_209' title='bbox 723 2769 879 2836; x_wconf 77' lang='lat' dir='ltr'>criterium·</span> <span class='ocrx_word' id='word_1_210' title='bbox 884 2780 935 2835; x_wconf 82' lang='lat' dir='ltr'>est</span> 
     </span>
     <span class='ocr_line' id='line_1_33' title="bbox 195 2851 827 2931; baseline -0.011 -10"><span class='ocrx_word' id='word_1_211' title='bbox 195 2853 363 2921; x_wconf 62' lang='lat' dir='ltr'>”anenno</span> <span class='ocrx_word' id='word_1_212' title='bbox 382 2852 510 2931; x_wconf 52' lang='lat' dir='ltr'>morai&amp;</span> <span class='ocrx_word' id='word_1_213' title='bbox 527 2855 596 2918; x_wconf 83' lang='lat' dir='ltr'>sive</span> <span class='ocrx_word' id='word_1_214' title='bbox 613 2851 804 2918; x_wconf 63' lang='lat' dir='ltr'>ennarrans</span> <span class='ocrx_word' id='word_1_215' title='bbox 814 2897 827 2914; x_wconf 90' lang='lat'><em>.</em></span> 
     </span>
    </p>
   </div>
   <div class='ocr_carea' id='block_1_7' title="bbox 0 3010 941 3640">
    <p class='ocr_par' dir='ltr' id='par_1_9' title="bbox 102 3010 941 3500">
     <span class='ocr_line' id='line_1_34' title="bbox 150 3010 934 3091; baseline -0.008 -11"><span class='ocrx_word' id='word_1_216' title='bbox 150 3025 217 3080; x_wconf 73' lang='lat' dir='ltr'>stt.</span> <span class='ocrx_word' id='word_1_217' title='bbox 237 3013 400 3082; x_wconf 77' lang='lat' dir='ltr'>Probatur.</span> <span class='ocrx_word' id='word_1_218' title='bbox 421 3019 471 3079; x_wconf 85' lang='lat' dir='ltr'>Ac</span> <span class='ocrx_word' id='word_1_219' title='bbox 489 3014 584 3091; x_wconf 82' lang='lat' dir='ltr'>primo</span> <span class='ocrx_word' id='word_1_220' title='bbox 591 3064 604 3091; x_wconf 92' lang='lat'>,.</span> <span class='ocrx_word' id='word_1_221' title='bbox 620 3015 647 3083; x_wconf 88' lang='lat' dir='ltr'>si</span> <span class='ocrx_word' id='word_1_222' title='bbox 663 3013 704 3077; x_wconf 83' lang='lat' dir='ltr'>tie</span> <span class='ocrx_word' id='word_1_223' title='bbox 719 3010 816 3076; x_wconf 83' lang='lat' dir='ltr'>divina</span> <span class='ocrx_word' id='word_1_224' title='bbox 838 3011 934 3076; x_wconf 76' lang='lat' dir='ltr'>histn=</span> 
     </span>
     <span class='ocr_line' id='line_1_35' title="bbox 105 3093 928 3175; baseline -0.001 -20"><span class='ocrx_word' id='word_1_225' title='bbox 105 3095 152 3158; x_wconf 62' lang='lat' dir='ltr'>¹tia</span> <span class='ocrx_word' id='word_1_226' title='bbox 174 3095 342 3175; x_wconf 77' lang='lat' dir='ltr'>loquamur,</span> <span class='ocrx_word' id='word_1_227' title='bbox 363 3114 429 3160; x_wconf 89' lang='lat' dir='ltr'>cum</span> <span class='ocrx_word' id='word_1_228' title='bbox 447 3113 483 3158; x_wconf 87' lang='lat' dir='ltr'>ea</span> <span class='ocrx_word' id='word_1_229' title='bbox 500 3101 625 3159; x_wconf 63' lang='lat' dir='ltr'>summai</span> <span class='ocrx_word' id='word_1_230' title='bbox 646 3095 704 3159; x_wconf 84' lang='lat' dir='ltr'>Dei</span> <span class='ocrx_word' id='word_1_231' title='bbox 725 3093 928 3158; x_wconf 79' lang='lat' dir='ltr'>veritatiinni-</span> 
     </span>
     <span class='ocr_line' id='line_1_36' title="bbox 110 3173 941 3253; baseline 0.001 -18"><span class='ocrx_word' id='word_1_232' title='bbox 110 3189 192 3238; x_wconf 83' lang='lat' dir='ltr'>tatur</span> <span class='ocrx_word' id='word_1_233' title='bbox 211 3223 224 3253; x_wconf 71' lang='lat'>‚</span> <span class='ocrx_word' id='word_1_234' title='bbox 249 3175 295 3239; x_wconf 81' lang='lat' dir='ltr'>de</span> <span class='ocrx_word' id='word_1_235' title='bbox 312 3199 369 3253; x_wconf 89' lang='lat' dir='ltr'>qua</span> <span class='ocrx_word' id='word_1_236' title='bbox 389 3176 467 3240; x_wconf 89' lang='lat' dir='ltr'>certi.</span> <span class='ocrx_word' id='word_1_237' title='bbox 484 3197 583 3240; x_wconf 90' lang='lat' dir='ltr'>sumus</span> <span class='ocrx_word' id='word_1_238' title='bbox 603 3174 754 3240; x_wconf 80' lang='lat' dir='ltr'>evidentia.</span> <span class='ocrx_word' id='word_1_239' title='bbox 772 3173 896 3238; x_wconf 80' lang='lat' dir='ltr'>rationis</span> <span class='ocrx_word' id='word_1_240' title='bbox 914 3218 941 3251; x_wconf 40' lang='lat' dir='ltr'>,p</span> 
     </span>
     <span class='ocr_line' id='line_1_37' title="bbox 109 3253 929 3334; baseline 0.006 -19"><span class='ocrx_word' id='word_1_241' title='bbox 109 3253 198 3318; x_wconf 85' lang='lat' dir='ltr'>semel</span> <span class='ocrx_word' id='word_1_242' title='bbox 226 3275 263 3319; x_wconf 89' lang='lat' dir='ltr'>ao</span> <span class='ocrx_word' id='word_1_243' title='bbox 281 3255 325 3320; x_wconf 74' lang='lat' dir='ltr'>‘de</span> <span class='ocrx_word' id='word_1_244' title='bbox 354 3258 487 3321; x_wconf 83' lang='lat' dir='ltr'>historiis</span> <span class='ocrx_word' id='word_1_245' title='bbox 501 3277 521 3320; x_wconf 82' lang='lat' dir='ltr'>a</span> <span class='ocrx_word' id='word_1_246' title='bbox 537 3259 611 3320; x_wconf 84' lang='lat' dir='ltr'>Deo</span> <span class='ocrx_word' id='word_1_247' title='bbox 626 3255 793 3334; x_wconf 70' lang='lat' dir='ltr'>revelatis,</span> <span class='ocrx_word' id='word_1_248' title='bbox 824 3255 929 3332; x_wconf 77' lang='lat' dir='ltr'>quares:</span> 
     </span>
     <span class='ocr_line' id='line_1_38' title="bbox 105 3332 922 3416; baseline 0.005 -20"><span class='ocrx_word' id='word_1_249' title='bbox 105 3336 134 3396; x_wconf 91' lang='lat' dir='ltr'>in</span> <span class='ocrx_word' id='word_1_250' title='bbox 155 3332 260 3398; x_wconf 68' lang='lat' dir='ltr'>nuliis·</span> <span class='ocrx_word' id='word_1_251' title='bbox 272 3336 418 3401; x_wconf 86' lang='lat' dir='ltr'>contineri</span> <span class='ocrx_word' id='word_1_252' title='bbox 435 3335 642 3402; x_wconf 79' lang='lat' dir='ltr'>demonstrant</span> <span class='ocrx_word' id='word_1_253' title='bbox 658 3335 800 3416; x_wconf 80' lang='lat' dir='ltr'>Theologi</span> <span class='ocrx_word' id='word_1_254' title='bbox 816 3353 832 3414; x_wconf 87' lang='lat'>·,</span> <span class='ocrx_word' id='word_1_255' title='bbox 858 3357 922 3401; x_wconf 86' lang='lat' dir='ltr'>cer-</span> 
     </span>
     <span class='ocr_line' id='line_1_39' title="bbox 102 3415 924 3500; baseline 0.002 -23"><span class='ocrx_word' id='word_1_256' title='bbox 102 3416 125 3477; x_wconf 89' lang='lat' dir='ltr'>ti</span> <span class='ocrx_word' id='word_1_257' title='bbox 146 3435 245 3480; x_wconf 89' lang='lat' dir='ltr'>sumus</span> <span class='ocrx_word' id='word_1_258' title='bbox 261 3465 274 3496; x_wconf 86' lang='lat'>,.</span> <span class='ocrx_word' id='word_1_259' title='bbox 301 3417 432 3497; x_wconf 70' lang='lat' dir='ltr'>nemini,</span> <span class='ocrx_word' id='word_1_260' title='bbox 454 3419 506 3496; x_wconf 84' lang='lat' dir='ltr'>qni]</span> <span class='ocrx_word' id='word_1_261' title='bbox 527 3415 693 3482; x_wconf 85' lang='lat' dir='ltr'>fidemnon</span> <span class='ocrx_word' id='word_1_262' title='bbox 711 3418 851 3500; x_wconf 73' lang='lat' dir='ltr'>abjecerit</span> <span class='ocrx_word' id='word_1_263' title='bbox 869 3417 924 3480; x_wconf 85' lang='lat' dir='ltr'>du·</span> 
     </span>
    </p>

    <p class='ocr_par' dir='ltr' id='par_1_10' title="bbox 102 3491 914 3640">
     <span class='ocr_line' id='line_1_40' title="bbox 102 3491 914 3640; baseline 0.001 -78"><span class='ocrx_word' id='word_1_264' title='bbox 102 3495 179 3562; x_wconf 87' lang='lat' dir='ltr'>bium</span> <span class='ocrx_word' id='word_1_265' title='bbox 193 3516 196 3524; x_wconf 93' lang='lat'>·</span> <span class='ocrx_word' id='word_1_266' title='bbox 208 3516 271 3564; x_wconf 83' lang='lat' dir='ltr'>esse</span> <span class='ocrx_word' id='word_1_267' title='bbox 299 3515 382 3579; x_wconf 80' lang='lat' dir='ltr'>posse</span> <span class='ocrx_word' id='word_1_268' title='bbox 414 3500 484 3576; x_wconf 90' lang='lat' dir='ltr'>quin</span> <span class='ocrx_word' id='word_1_269' title='bbox 514 3500 581 3639; x_wconf 63' lang='lat' dir='ltr'>blare</span> <span class='ocrx_word' id='word_1_270' title='bbox 598 3497 716 3563; x_wconf 76' lang='lat' dir='ltr'>moralis</span> <span class='ocrx_word' id='word_1_271' title='bbox 734 3491 914 3640; x_wconf 49' lang='lat' dir='ltr'>evident&#39;ibs„</span> 
     </span>
    </p>

    <p class='ocr_par' dir='ltr' id='par_1_11' title="bbox 0 3589 889 3639">
     <span class='ocr_line' id='line_1_41' title="bbox 0 3589 889 3639; baseline -0.001 0"><span class='ocrx_word' id='word_1_272' title='bbox 0 3617 1 3620; x_wconf 62' lang='lat'><em>=</em></span> <span class='ocrx_word' id='word_1_273' title='bbox 15 3611 17 3616; x_wconf 96' lang='lat'>·</span> <span class='ocrx_word' id='word_1_274' title='bbox 581 3589 599 3639; x_wconf 87' lang='grc'>6</span> <span class='ocrx_word' id='word_1_275' title='bbox 880 3598 889 3638; x_wconf 85' lang='lat' dir='ltr'>t</span> 
     </span>
    </p>
   </div>
   <div class='ocr_carea' id='block_1_8' title="bbox 0 0 1190 4148">
    <p class='ocr_par' dir='ltr' id='par_1_12' title="bbox 0 0 1190 4148">
     <span class='ocr_line' id='line_1_42' title="bbox 0 0 1190 4148; baseline 0 1"><span class='ocrx_word' id='word_1_276' title='bbox 0 0 1190 4148; x_wconf 95' lang='lat' dir='ltr'> </span> 
     </span>
    </p>
   </div>
  </div>
 </body>
</html>
