2338 4140
263 371 267 378 ι
404 286 628 372 Meeuplnsieae.
740 355 743 364 ,
790 353 793 360 ,
838 317 897 371 297

51 409 54 416 ,
116 385 215 438 tamen
237 367 357 434 eandem
380 372 502 447 pendere
521 393 537 436 a
559 393 698 451 corpore,
722 387 872 452 tamquam
900 370 939 436 ab

113 452 224 532 objedlo
246 449 405 526 aliquarum
428 453 643 530 perceptionum
652 472 664 531 ,·
694 451 802 518 adeout
829 453 950 516 motio-v

116 553 166 596 nes
187 549 334 608 corporeae
363 529 470 608 obiedla
502 531 658 596 exhibeant
684 535 779 618 pienti
811 554 936 612 praesen·

115 616 178 688 tia,
199 610 232 674 &
253 612 480 688 proportionata,
509 613 612 688 quibus
633 611 799 677 absentibus
810 631 939 690 nequeat

115 712 198 768 mens
217 687 361 752 sensibilia
389 690 494 767 objclla
528 712 719 768 cognoscere.
750 697 828 756 Cum
857 695 938 756 enim

115 790 197 836 inens
219 769 280 831 vim
299 769 470 846 percipiendi
492 769 598 834 habeat
637 771 769 852 linitam,
798 793 834 836 ac
862 771 938 836 lirni-

115 867 230 924 tatam,
258 849 325 914 binc
350 866 435 912 certe
462 851 592 925 nequibit
622 849 731 930 objedla
748 871 941 931 cognoscere·

117 927 283 1006 sensibilia,
306 929 360 1008 nisi
383 929 434 1005 ipsi
457 927 529 993 liant
550 933 725 1009 praesentia,
754 929 789 996 dr
818 951 936 1010 propor-

116 1011 235 1074 tionata
265 1007 457 1077 mediantibus
485 1009 724 1086 impressionibus
751 1012 783 1073 in
815 1031 937 1088 corpore

115 1087 216 1166 fartis,
236 1089 304 1164 quia
325 1088 416 1151 solius
434 1089 543 1152 mentis
563 1087 689 1153 infinitae
710 1105 758 1152 est
778 1109 865 1153 omne
880 1111 935 1156 ens

114 1171 167 1234 sibi
190 1189 315 1247 praesens
335 1189 447 1247 semper
467 1169 590 1249 habere,
620 1187 710 1247 atque
737 1170 936 1249 proportiona-

115 1267 200 1318 tum.

156 1344 226 1408 267.
247 1326 394 1392 Probatur
416 1356 431 1394 2
453 1347 550 1408 pers.
574 1333 607 1392 ln
628 1333 684 1396 boc
704 1345 864 1408 systemate
884 1348 936 1394 ne·

114 1431 195 1476 cessa
215 1412 409 1474 estanimam
433 1408 648 1488 indivisibilem,
669 1407 935 1489 &penetrabilem

115 1506 198 1566 agere
222 1490 252 1552 iu
274 1509 375 1565 corpus
396 1488 556 1568 divisibile,
582 1512 617 1553 ac
639 1489 874 1569 impenetrabile,
896 1489 934 1553 si-

114 1591 154 1634 ue
173 1585 344 1634 necesseest
366 1567 473 1646 aliquid
493 1591 529 1634 en
550 1572 654 1647 spiritu
678 1587 807 1636 transeat
830 1571 934 1634 incor-

114 1672 186 1730 pus,
207 1649 340 1726 adeoque
356 1648 464 1728 aliquid
485 1650 636 1727 spirituale
665 1650 772 1716 evadat
799 1669 933 1728 corpora·-

115 1733 156 1796 le.
179 1736 254 1804 Item
277 1751 399 1796 necesse
417 1747 464 1795 est
484 1751 587 1808 corpus
609 1748 678 1807 agat
705 1734 739 1795 in
768 1732 931 1808 spiritum,

115 1814 176 1876 sive
197 1805 240 1874 er(
257 1811 434 1875 motionibus
452 1811 596 1898 corporeis
619 1810 725 1887 aliquid
748 1807 931 1874 transfunda-

114 1906 163 1956 tur
184 1893 212 1951 in
235 1893 381 1970 animam,
402 1891 530 1969 adeoque
551 1890 602 1956 liat
622 1889 790 1969 spirituale,
811 1906 843 1952 at
854 1885 931 1964 quod

114 1970 230 2046 spiritus
251 1987 297 2032 est
318 1972 520 2047 corporr‘znri,
542 1970 575 2033 dr
595 1967 671 2046 quod
689 1989 859 2046 corporeum
867 1969 930 2046 spi·

114 2047 302 2125 ritualiznni,
324 2065 359 2110 ut
380 2052 463 2126 aium
483 2049 672 2126 scholastici,
695 2071 782 2114 nemo
801 2068 929 2124 unquam

113 2127 160 2193 uel
182 2128 357 2204 explicabit,
378 2128 425 2190 vel
447 2127 612 2204 intelliget.
635 2132 710 2191 item
731 2131 760 2192 in
790 2132 846 2190 hoc
863 2147 928 2203 syss

114 2225 228 2274 temate
256 2206 359 2282 aliquis
386 2223 484 2270 motus
514 2211 641 2271 oriretur
669 2209 697 2270 in
727 2227 863 2285 corpore,
894 2205 929 2272 dt

114 2287 268 2365 aliquisita
296 2285 401 2350 eodem
436 2289 560 2365 periret,
589 2288 658 2365 quin
690 2289 767 2354 vires
794 2287 928 2352 materie

112 2390 150 2436 ex
170 2364 282 2431 adlione
301 2365 385 2430 illum
404 2367 614 2447 producerent,
645 2367 692 2434 vel
721 2391 756 2435 ex
785 2365 929 2432 rectore

115 2449 340 2526 extinguerent,
359 2447 436 2525 quod
455 2463 537 2513 certe
558 2448 669 2527 concipi
689 2471 707 2514 a
736 2450 819 2513 nobis
839 2444 928 2518 nullo

115 2529 203 2594 modo
222 2543 338 2608 potest,
359 2549 428 2604 ergo
446 2528 576 2595 influxus
597 2531 707 2607 physici
734 2529 844 2595 ordiam
872 2531 927 2592 ha·

116 2612 216 2676 bemus
236 2608 345 2673 claram
366 2608 479 2676 ideam.

130 2691 229 2837 dstote
247 2703 348 2753 contra
373 2707 449 2752 num
475 2702 620 2751 staturam
648 2689 814 2766 opinionem
841 2681 925 2762 ob'iri

112 2792 129 2834 a
160 2787 230 2851 ent,
249 2771 383 2850 sequenti
401 2771 497 2849 sepire
513 2766 680 2832 solventur.

104 2893 354 2968 puorosrrro
372 2893 411 2952 n.
432 2871 567 2970 syenna
592 2905 768 2954 caussarum
783 2878 924 2970 ,ucren-
1027 2845 1029 2848 ’

129 3041 131 3048 ,
152 2971 263 3042 nulium
283 2992 334 3038 nec
354 2965 530 3048 Philosopho
553 2965 672 3052 dignum
693 2961 924 3047 es12'ncc6bri·
991 3022 995 3030 .

151 3053 257 3124 stianae
279 3049 440 3138 Theologiae
459 3055 620 3114 consentit.
674 3055 678 3062 “
711 3051 716 3063 ’

153 3171 509 3252 rsa.-Pr0barur1pars.
530 3164 864 3246 Philosopboiodignum
875 3179 923 3232 est

112 3248 258 3316 naturales
278 3251 396 3316 eliedlus
415 3275 465 3330 per
483 3247 622 3316 continui
642 3247 779 3313 miracula
797 3261 924 3321 exponen

115 3351 165 3396 re.
185 3335 274 3394 Porro
292 3333 533 3398 Occasionalistae
562 3330 768 3396 commercium
794 3328 923 3393 aniruom

103 3411 207 3493 inter,
227 3407 261 3476 ἀ
289 3431 392 3488 corpus
421 3433 469 3490 per
498 3414 638 3488 continua
659 3407 808 3489 explicant
837 3407 924 3474 mira·

111 3492 195 3574 cula3
219 3513 287 3558 nam
307 3491 383 3571 quod
405 3514 457 3571 per
475 3513 572 3556 rerum
592 3510 726 3564 naturam
748 3511 783 3554 ex
804 3509 858 3574 sua
894 3483 924 3550 vi

98 3589 278 3652 ‘operantem
298 3573 432 3655 explicari
446 3573 579 3713 nequitgl
594 3571 622 3632 id
641 3588 722 3634 certe
751 3563 935 3704 miraculum,
1037 3621 1040 3624 .

135 3665 153 3694 '¹
170 3661 178 3690 δ
603 3669 620 3724 5
812 3661 850 3706 «es
875 3685 884 3704 ο
