2338 4140
312 297 380 354 290'
413 309 417 316 ·
608 271 771 340 'Elementa'

440 395 579 458 ‘Censura
599 384 710 456 erroris
730 371 918 460 stoicorum.¹

313 539 383 588 2⁴⁴·
402 511 430 576 Si
449 513 545 577 anima
566 515 690 576 humana
711 508 1089 580 foretdivinaesubstantiae

272 591 433 680 particula,
453 595 510 674 jam
532 594 590 670 ipsa
614 593 776 661 substantia
796 597 856 660 Dei
879 613 958 662 esset
980 595 1008 658 in
1027 613 1092 670 par·

272 695 320 746 tes
341 675 509 752 divisibilis,
531 673 607 750 quod
637 675 695 736 Dei
726 675 907 754 simplicitati
937 677 1091 754 opponitur

272 761 431 835 (numam
446 754 468 830 ).
488 757 574 820 Esset
595 757 686 840 etiarn
708 754 737 816 in
762 761 815 820 hac
836 757 988 834 hypothesi
998 757 1091 820 anima

272 844 400 904 humana
420 837 597 915 necessaria,
620 842 746 900 aterna>
770 835 979 914 independens,
1002 856 1035 900 ac
1050 836 1092 897 in·

274 921 368 985 linitae
388 913 591 996 pcrfcdlioni33
613 918 679 980 hinc
698 885 840 983 infinitam
863 915 1091 993 haberetcogni-

274 1001 406 1076 tionem,
430 1017 464 1060 ac
485 1015 635 1074 propterea
656 993 837 1074 adaequatam
847 1019 942 1061 rerum
952 997 1093 1071 omnium,

275 1077 310 1145 ἀ
332 1079 376 1142 sui
396 1079 484 1157 ipsius
505 1075 613 1140 ideam:
632 1098 699 1150 buno
734 1081 820 1140 verbo
848 1079 944 1140 omnia
972 1077 1093 1138 haberet

276 1160 385 1224 divinae
406 1159 578 1222 substantiae
605 1157 768 1232 attributa,
799 1155 874 1232 quod
905 1153 1026 1232 falsum,
1057 1173 1094 1215 ac

276 1237 430 1306 absurdum
449 1239 617 1301 essenemo
636 1257 692 1297 non
715 1234 812 1300 videt.
835 1237 914 1300 Hinc
932 1235 1095 1312 optimeD.

278 1320 459 1396 Augustinus
478 1315 520 1376 sic
541 1317 660 1392 urgebat
682 1319 877 1380 Fortunarum
889 1317 1093 1379 Manichaeum

278 1401 385 1482 (Disp.
410 1421 438 1474 1,
459 1414 486 1458 n.
510 1394 584 1467 rol:
605 1443 626 1474 „
647 1397 785 1461 Animam
802 1397 934 1461 videmus
952 1393 1096 1472 &pecca-

276 1529 298 1562 ,‚
319 1478 422 1540 tricem
441 1493 524 1552 esse,
544 1472 578 1540 δε
598 1477 637 1540 in·
650 1495 779 1541 aerumna
801 1478 939 1556 versaris
956 1473 989 1539 dt
1018 1474 1096 1538 veri·

276 1609 299 1640 „
319 1573 413 1619 tatem
433 1574 582 1634 querere,
603 1553 637 1620 dc
659 1557 815 1622 liberatore
845 1557 987 1634 indigere.
1017 1557 1097 1618 Haec

276 1637 446 1718 „mutatio
466 1637 573 1700 animae
594 1638 724 1702 ostendit
745 1641 815 1701 mihi
836 1637 912 1716 quod
929 1636 1098 1698 animanon

275 1768 301 1801 Ἀ
322 1717 362 1780 sit
382 1720 485 1782 Deus.
505 1721 582 1782 Nam
604 1720 628 1780 si
649 1719 743 1781 anima
765 1717 929 1782 substantia
949 1713 1010 1777 Dei
1031 1729 1094 1790 est,

277 1849 300 1882 ,‚
321 1795 482 1862 substantia
506 1798 565 1862 Dei
585 1815 680 1877 errat,
699 1798 865 1862 substantia
886 1794 946 1860 Dei
964 1811 1098 1856 corrum-

277 1931 302 1961 ,‚
323 1878 418 1958 pitur,
439 1879 601 1942 substantia
622 1880 682 1942 Dei
691 1877 838 1956 violatur,
858 1873 1023 1942 substantia
1034 1871 1098 1935 Dei

280 2009 303 2043 „
324 1957 486 2038 decipitur,
506 1959 583 2036 quod
605 1956 687 2022 nefas
705 1977 752 2024 est
774 1959 887 2024 dicere.
906 1959 927 1986 ⁹
1018 2031 1025 2048 ·

322 2063 390 2115 245·
410 2041 501 2105 Dices
520 2061 571 2118 pro
591 2039 772 2117 Spinosistis.
794 2044 826 2102 ln
847 2035 952 2102 divinis
968 2041 1101 2109 Scriptu-

280 2121 320 2184 ris
340 2141 539 2198 saepenumero
559 2120 655 2182 anima
676 2121 799 2183 hominis
821 2135 943 2182 vocatur
963 2116 1102 2190 spiracu-

279 2201 343 2266 lum
351 2203 436 2278 vira,
457 2202 624 2278 aespirt'tus
634 2203 690 2262 Dei
697 2249 705 2264 .
725 2201 806 2264 Hinc
815 2195 972 2276 Apostolus
983 2191 1103 2271 (aliar.

284 2307 342 2360 17,
362 2301 392 2344 v.
412 2281 479 2356 25.)
498 2283 541 2342 ait
564 2299 616 2341 nos
634 2280 668 2340 iu
687 2285 748 2342 Deo
767 2280 889 2353 vivere,
911 2275 1025 2340 moveri
1038 2271 1103 2350 ‚dja

280 2379 363 2426 esse.
386 2361 473 2420 Patet
492 2377 560 2432 ergo
579 2358 704 2422 animam
725 2373 856 2421 nostram
877 2377 939 2420 esse
952 2353 1103 2433 quandam

279 2437 387 2500 divinae
406 2437 544 2500 essentiae
564 2452 692 2510 partem.

321 2528 388 2588 246.
411 2520 454 2580 At
482 2515 633 2590 scripturis
662 2516 755 2581 Sacris
780 2517 897 2582 mirum·
920 2518 948 2581 in
979 2513 1105 2580 modum

281 2597 443 2666 abutuntur
464 2595 647 2672 Spinnsistae.
668 2597 728 2661 Res
749 2619 849 2662 omnes
859 2598 983 2678 pendere
1004 2601 1107 2660 aDeo

280 2693 432 2755 tamquam
453 2697 468 2738 a
492 2677 624 2754 primaria
642 2697 762 2757 caussa,
782 2677 891 2743 nedum
915 2677 1009 2757 quoad
1026 2696 1107 2753 esse,

217 2775 253 2794 ³·
280 2757 333 2821 sed
352 2757 443 2820 etiarn
464 2757 559 2834 quoad
578 2761 758 2838 conservari,
777 2754 1005 2838 ig'noratnemo.
1031 2763 1109 2823 Non

281 2835 387 2902 mirum
409 2857 497 2917 ergo,
518 2839 542 2902 si
563 2855 761 2904 creaturarum
781 2843 937 2919 essentiae,
957 2837 990 2904 ὅτ
1012 2838 1110 2902 aclio-

281 2939 334 2984 nes
354 2921 422 2984 Deo
442 2918 607 2984 tribuantur
627 2921 660 2987 in,
677 2922 768 2984 Sacris
783 2923 961 2999 scripturis,
974 2931 1053 2984 dum
1064 2920 1104 2983 ab

280 3001 344 3078 ejus
363 2999 592 3076 omnipotentia¹
609 2999 784 3080 prodierint,
809 3021 847 3064 ‚ac
862 3018 1112 3082 vconserventur.

281 3079 347 3146 Nisi
370 3081 412 3144 ita
434 3080 607 3158 explicueris
627 3079 735 3160 objedla
764 3082 954 3158 testimonia,
982 3103 1111 3150 necesse

282 3173 330 3225 est
350 3159 428 3224 dicas
449 3161 606 3239 particulas
626 3161 733 3224 divinae
742 3163 877 3226 essentiae
887 3179 1003 3242 ventos,
1024 3183 1113 3231 tem·

283 3257 432 3322 pestates,
453 3259 586 3319 montes,
608 3261 642 3304 ac
669 3239 739 3302 alias
765 3261 952 3321 quascunque
981 3264 1112 3314 creatu.

281 3338 347 3398 ras,
367 3341 433 3397 quae
455 3340 597 3388 vocantur
618 3322 672 3385 Dei
691 3321 724 3384 in
744 3324 831 3386 sacris
852 3324 961 3390 literis.
1079 3332 1083 3337 ’

332 3433 335 3440 ’
385 3445 516 3510 Censura
535 3437 705 3522 hypothesis
724 3441 997 3530 Traducirnorum.

323 3585 391 3643 2⁴7·
414 3559 521 3630 Anima
541 3568 668 3630 humana
692 3581 739 3634 est
759 3563 914 3664 spiritualis
935 3565 1116 3724 natrorra3(n,

967 3671 979 3711 1
1007 3667 1022 3722 5
1059 3665 1067 3706 t
1135 3701 1137 3710 ,
