2370 4148
322 327 381 381 260
525 331 546 374 ,·
621 310 775 378 Elementa

277 399 338 458 bna
359 394 465 458 aoimae
486 412 549 472 pars
559 389 766 458 affirmativum
775 387 912 470 judicium
928 390 1093 470 haberepo·

234 507 239 514 ‚
280 475 353 538 terit
375 471 411 536 de
431 472 533 538 eodem
554 467 700 552 subjedlo,
722 471 825 550 dequo
844 468 928 532 simul
948 469 1003 534 alia
1024 493 1092 549 pars

279 554 415 630 negative
433 551 560 632 judicat.
581 557 769 616 Haecautem
791 551 994 627 nequeintima
1016 571 1091 615 con--

277 634 525 708 scientiamque
535 652 692 696 sanamens
701 648 828 708 uuquam
837 627 993 694 concedere
1004 647 1090 708 pote·

278 713 338 776 rit.
359 711 492 787 Implicat
502 731 569 788 ergo
577 711 769 774 substantiam
779 725 930 772 extensam
938 709 1085 786 cogitare}

251 809 280 872 ᾗ
322 803 386 852 16⁶.
407 789 538 854 secundo
547 807 686 868 repugnat
695 789 891 852 substantiam
909 787 1084 853 divisibilem

274 867 418 946 cogitare.
440 870 825 947 Enimverosicogitationis
845 869 1015 946 principium
1036 887 1088 932 est

274 945 305 1010 in
326 963 423 1026 partes
443 947 604 1013 divisibile:
627 949 674 1011 vel
694 947 815 1025 singulae
835 964 931 1024 partes
963 949 1086 1011 seorsim

271 1044 402 1105 sumptae
422 1047 541 1106 capaces
563 1045 632 1092 sunt
653 1028 855 1104 cogitationis,
888 1027 932 1089 vel
957 1049 1035 1088 nou.
1056 1029 1086 1090 Si

274 1105 435 1171 secuudum
454 1107 587 1187 dicatur,
611 1108 804 1182 nequeunitae
823 1121 962 1180 poterunt
974 1107 1085 1180 cogita·

272 1191 328 1265 le‚·
346 1186 612 1264 quomodocumque
630 1185 709 1250 enim
731 1185 885 1261 uniantur,
908 1184 962 1245 sub
980 1185 1084 1258 quavis

272 1266 491 1328 combinatione
510 1263 669 1328 essentiam
690 1283 747 1324 non
769 1277 912 1337 mutant,
941 1259 991 1325 sed
1015 1279 1082 1326 tan-

271 1359 336 1407 tum
357 1341 540 1418 comaclum,
566 1344 673 1418 siturn,
695 1339 831 1417 figuram,
863 1342 1014 1418 quietem,
1049 1343 1080 1406 in
1113 1420 1116 1424 Ι

271 1423 375 1498 quibus
398 1419 856 1496 certenobilissimacogitationis
878 1417 1003 1484 facultas
1026 1420 1075 1498 frgi

269 1501 389 1578 nequit,
411 1500 481 1563 alias
501 1519 598 1577 posset
619 1500 665 1564 vel
686 1521 748 1579 ars,
769 1498 817 1566 rel
829 1517 932 1562 natura
954 1521 1004 1576 per
1026 1521 1079 1562 va„

264 1579 341 1642 riam
361 1581 493 1642 materiae
512 1579 755 1644 combinationem
765 1578 891 1642 condere
909 1581 940 1642 in
959 1579 1019 1642 dies
1040 1602 1080 1643 sr-

265 1655 347 1722 milia
366 1659 553 1734 cogitationis
571 1659 735 1737 principia.
763 1659 791 1722 si
822 1675 925 1722 autem
950 1659 1078 1733 singulae

265 1754 362 1814 partes
382 1739 788 1816 suutcogitationiscapaces:
811 1737 986 1814 velsiugulae
1006 1758 1079 1800 con-

266 1817 364 1880 tinent
383 1837 482 1881 onmes
506 1819 606 1902 unitas
624 1816 729 1897 ideas3
759 1816 806 1880 vel
827 1815 947 1893 singulae
975 1833 1074 1892 partes

264 1895 390 1972 singulas
413 1897 506 1962 ideas:
528 1899 732 1976 nonprimum:
755 1896 824 1962 alias
833 1897 909 1961 idem
931 1895 1075 1975 judicium

269 1992 348 2040 esset
369 1978 399 2040 in
421 1994 520 2042 mente
548 1977 775 2056 multiplicatum
795 1998 847 2055 pro
866 1996 988 2040 numero
1010 1997 1073 2053 par·

264 2057 575 2136 tiumcogilantium‚
598 2054 785 2136 quodfalsum
806 2074 867 2124 est:
888 2078 946 2118 non
967 2075 1072 2118 secu-n·
1152 2125 1153 2128 Ἴ

226 2192 231 2202 .
263 2134 358 2213 dum‚·
379 2137 449 2200 alias
470 2136 681 2218 judiciumnon
699 2155 778 2201 esset
798 2137 933 2200 idearum
954 2137 1022 2197 unio
1041 2136 1074 2198 in

261 2213 447 2280 indivisibili:
467 2219 511 2280 uti
535 2219 629 2293 exigit
650 2216 776 2279 idearum
797 2215 990 2292 comparatio.

307 2307 372 2369 1⁶7·
395 2297 499 2359 Tertio
514 2313 655 2370 repugnat
666 2295 859 2358 substantiam
880 2291 1001 2356 solidam
1022 2313 1073 2356 co-

259 2371 374 2444 gitare.
394 2377 489 2448 Nam,
511 2372 581 2433 dato
603 2374 790 2448 cogitationis
808 2371 946 2446 principio
964 2367 1070 2448 solido,
1151 2397 1152 2404 ¹

251 2449 330 2524 ipsae
349 2447 423 2512 ideae
445 2449 491 2511 vel
519 2467 607 2512 erunt
629 2448 757 2521 totidem
785 2445 887 2512 solidae
915 2447 1068 2522 particulae

259 2528 391 2590 materiae
410 2528 585 2604 cogitantis,
612 2527 659 2594 vel
668 2546 754 2592 erunt
774 2546 853 2604 purae
873 2525 999 2592 aulones
1018 2549 1069 2592 ex-

258 2607 334 2678 terni
354 2605 458 2684 objecti
476 2608 506 2669 in
533 2624 629 2685 partes
658 2606 763 2671 solidas
783 2608 931 2672 materian.
961 2608 990 2672 si
1011 2611 1070 2683 pri·

256 2706 338 2752 murn
360 2687 456 2770 dicas,
477 2707 543 2750 cunr
561 2691 607 2750 hae
627 2685 728 2752 solidae
748 2686 902 2764 partIculae
920 2703 1066 2764 nequeant

256 2767 286 2836 in
308 2785 399 2830 unum
420 2767 500 2830 coire
520 2767 634 2830 ratione
654 2787 715 2830 sure
736 2765 921 2843 soliditatis,
951 2765 1064 2831 nullum

256 2841 397 2924 judicium
419 2847 563 2910 consistet
583 2845 815 2911 insindivisibili.
838 2846 975 2910 Alterum
995 2865 1063 2911 vero

257 2921 357 3005 judicii
380 2921 599 3008 simplicitatem
620 2929 749 2992 evertit.
769 2929 846 2990 Nam
866 2925 1006 3005 diversas,
1028 2923 1063 2990 dc

245 3004 423 3081 compositas
445 3001 518 3068 idean
536 3005 683 3086 diuersas,
712 3027 748 3070 ac
767 3006 912 3083 oppositas
932 3003 1056 3068 adliones

252 3085 390 3162 erigunt,
410 3083 539 3162 adeoque
557 3082 702 3163 diversos,
722 3081 756 3148 ὃ(
774 3086 921 3161 oppositos
942 3101 1061 3165 motus:

253 3165 321 3228 hinc
341 3163 416 3228 datis
435 3163 543 3229 duabus
564 3162 651 3245 ideis,
673 3179 741 3242 quae
764 3167 871 3230 variam
891 3166 1007 3240 exigant
1028 3185 1059 3227 a·

251 3243 401 3322 dlionem,
423 3244 500 3308 nulla
523 3245 646 3321 ipsarum
667 3247 696 3307 in
717 3243 824 3324 judicio
843 3243 1057 3323 permanebit,

251 3317 302 3384 sc'd
324 3325 412 3386 tertia
434 3321 564 3400 quaedam
585 3340 731 3402 exurget,
758 3327 845 3390 sicuti
874 3323 891 3386 d
922 3319 1056 3387 ‘diversis

250 3399 375 3466 motibus
395 3403 488 3466 cidem
508 3404 619 3480 corpori
638 3402 742 3469 eodan
762 3421 875 3483 tempor
911 3402 1060 3483 applicatis

254 3477 569 3574 optenduntl‘pysici.
660 3515 666 3528 ι

294 3567 359 3636 vll.
380 3565 494 3656 Quarto
513 3561 1059 3652 repugnat,substantiam‘inertem*co-

941 3655 1019 3718 grta·
