2370 4148
257 319 354 403 alimur
374 339 432 390 tres
444 319 548 387 ‘haberi
567 321 714 387 (bstincias
732 343 866 400 personas
883 344 950 388 cum
964 323 1068 390 eadem
1159 335 1161 342 ’

256 419 372 482 prorsus
389 418 515 468 natura.
535 403 675 468 Alterum
694 403 839 468 avertitur
866 425 909 466 ‘ex
935 403 1066 468 'incarna-
1127 474 1136 487 ,

256 481 349 546 tionis
369 484 549 547 oeconomia:
579 499 645 546 nam
674 481 795 545 verbum
826 485 982 562 assumpsit
1011 487 1066 548 ani-

152 595 155 601 ν
254 579 354 640 mam,
374 579 536 642 corpusque
554 565 735 644 humanum,
767 584 824 624 non
855 579 954 628 tamen
976 583 1065 641 perso-

250 659 352 718 nam,
380 661 416 704 ex
437 643 506 721 lquo
533 645 664 719 sequitur
693 643 786 705 etiam
824 647 978 724 humanam
1008 660 1067 722 per·

254 741 379 802 sonam,
399 721 435 786 ab
453 724 577 804 anima,
589 717 623 786 &
649 723 768 808 corpore
787 723 971 802 separabilem
990 721 1068 806 ess‘e,

254 797 385 886 adeoque
406 801 518 866 nullum
538 801 757 882 esse'icertum,
777 825 814 866 an
838 805 898 880 ipse
919 802 958 868 sit
977 801 1070 890 perso'·

251 897 311 942 na.
331 881 466 945 Tertium
486 879 617 947 redditur
637 878 745 945 falsum
766 881 796 944 in
813 888 1003 964 sacramento
1013 887 1069 946 Eu·

253 959 423 1023 charistia:
444 983 510 1027 nam
530 959 609 1027 idem
627 963 741 1025 Christi
762 978 870 1039 corpus
891 962 1024 1040 pluribus
1038 963 1068 1024 ih

253 1037 325 1103 locis
356 1039 443 1104 simul
472 1041 602 1119 existit,
629 1039 664 1104 &
683 1040 909 1117 quidem-omni
936 1044 1069 1126 orbatum

253 1119 443 1199 extensione,
464 1119 677 1196 &soliditate
699 1139 767 1181 cnm
789 1135 885 1184 totum
906 1119 946 1184 sit
961 1121 990 1182 in
1000 1139 1069 1197 qua·

252 1191 324 1263 libet
346 1197 450 1264 hostiae
472 1215 570 1280 patte3
590 1220 628 1262 ex
658 1217 716 1274 quo
747 1194 838 1262 infert
859 1199 986 1264 incertos
1016 1219 1068 1266 nos

251 1295 333 1356 csse,
355 1297 424 1340 num
443 1280 489 1341 hic
511 1278 635 1342 mundus
655 1297 691 1340 ex
713 1297 771 1339 uno
801 1294 918 1341 tantum
937 1293 1067 1356 corpore

249 1373 440 1430 componatur
459 1355 585 1432 pluribus
606 1359 634 1420 in
657 1356 731 1419 locis
751 1356 968 1438 multiplicato,
990 1357 1066 1435 quod

249 1431 428 1500 'conformius
446 1451 492 1500 est
511 1435 597 1498 modo
615 1435 800 1518 simpliciori,
822 1459 879 1516 quo
892 1439 976 1502 Deus
994 1436 1062 1512 ope'·

249 1530 347 1578 ratur:
365 1531 463 1576 rursus
483 1515 610 1580 incertos
641 1537 724 1595 esse,
746 1537 816 1582 num
841 1519 980 1583 existant
1000 1517 1065 1594 ‘Spi-

249 1595 340 1668 ritus,
360 1611 427 1676 cum
447 1614 566 1676 corpora
587 1594 757 1676 soliditate,
777 1596 812 1662 bc
828 1599 1001 1664 extensione
1013 1616 1068 1661 en·

248 1669 362 1750 pollata
382 1673 493 1750 possint
513 1677 611 1740 omnia
631 1677 789 1754 spirituum
814 1677 956 1744 attributa
968 1678 1065 1742 susci-

249 1747 473 1832 pere.·Reliqua
493 1752 570 1821 falsa
585 1771 648 1821 esse
662 1779 697 1820 ex
715 1773 750 1820 eo
770 1773 872 1837 patet,
892 1755 969 1837 quod
979 1757 1071 1822 Deus

180 1885 184 1900 „
246 1829 323 1916 mala
345 1837 402 1895 no‘n
424 1834 582 1916 impediat,
604 1838 735 1900 homines
756 1837 904 1914 suppliciis
919 1855 1006 1902 vexet
1026 1835 1065 1900 ob
1135 1903 1141 1909 ,

247 1911 385 1990 originale
409 1933 562 1992 peccatum
584 1917 681 1980 multo
701 1933 771 1980 ante
790 1935 892 1982 eorum
923 1917 1063 1997 nativita-

248 2010 311 2056 tem
333 2009 555 2076 perpetratum,·
576 2017 610 2062 ac
632 1996 751 2060 tandem
772 1997 911 2062 mundum
929 1995 1066 2082 conlide-

245 2075 305 2152 rit,
327 2095 386 2160 quo
405 2074 508 2142 melior
537 2077 612 2144 alter
642 2077 731 2142 creari
752 2078 876 2159 potuit,
905 2097 974 2156 ergo
1003 2074 1065 2140 &a

247 2157 353 2231 Neque
380 2157 460 2220 enim
489 2153 569 2222 dicas
597 2155 678 2221 aliud
705 2171 770 2220 esse
790 2157 870 2234 loqui
896 2157 934 2221 de
963 2159 1062 2232 Deo,

250 2233 326 2296 aliud
348 2233 384 2296 de
403 2235 585 2315 hominibus3
606 2257 672 2298 nam
693 2255 759 2311 quae
776 2253 878 2314 certa,
896 2233 930 2298 &
943 2233 1063 2297 eviden-

246 2311 410 2393 tiaseipsis
431 2329 518 2393 sunt,
542 2333 594 2378 nec
616 2335 632 2376 a
656 2319 723 2378 Deo
744 2315 851 2376 mutari
874 2327 1011 2389 possunt.

289 2409 356 2467 179.
377 2391 414 2466 ll.
431 2394 469 2452 'ln
491 2394 589 2469 primis
611 2387 679 2454 cuin
703 2389 866 2454 doblissimo
888 2389 1082 2454 nonientana

244 2469 312 2533 chio
332 2472 344 2548 (
365 2467 404 2533 de
420 2469 594 2614 inguirenda
613 2472 700 2534 velit.
719 2468 742 2532 l.
768 2495 796 2531 1.
813 2489 837 2532 c.
859 2495 886 2540 a.
908 2469 920 2546 )
946 2467 1058 2536 frustra

250 2552 382 2615 homines
402 2553 447 2615 evi
468 2553 578 2614 entiam
600 2569 747 2628 quaerere,
775 2549 822 2612 ubi
850 2550 886 2626 de
915 2552 998 2615 rebus
1021 2551 1059 2615 ad

244 2629 331 2694 fidem
351 2629 660 2708 spemntiuusagitur,
683 2629 718 2690 de
739 2629 842 2704 quibus
859 2629 952 2694 nullas
970 2629 1060 2695 habe-

242 2731 309 2772 mus
326 2709 420 2773 claras·
442 2709 535 2788 ideas,
560 2731 617 2772 non
639 2711 716 2772 enim
738 2709 860 2786 amplius
881 2728 980 2776 esseut
1010 2732 1059 2776 res

242 2785 310 2866 fidei
320 2791 468 2866 'mysteria
485 2785 697 2866 inenarrabilia.
716 2783 815 2864 igitur
833 2794 972 2870 mysteria
989 2787 1058 2856 fidei

241 2891 259 2946 a
282 2867 364 2933 rebus
391 2871 573 2935 naturalibus
600 2863 701 2933 se'duio
726 2868 929 2948 distinguenda
959 2888 1058 2934 sunt:

242 2947 327 3030 fidei,
349 2947 381 3014 δι
402 2949 558 3018 evidentia
577 2947 710 3015 assentiri
731 2947 885 3032 debemus,
906 2968 938 3016 at
959 2952 989 3013 in
1008 2963 1056 3016 te*

241 3032 294 3094 bus
317 3049 431 3095 uaturae
452 3030 613 3112 fides,‘seu
635 3027 792 3110 austoritas'
813 3030 1052 3108 Philosophorum

239 3107 325 3174 nihili
345 3108 477 3176 facienda
495 3126 559 3178 est.
581 3117 649 3176 Uno
667 3112 758 3174 verbo
773 3109 866 3174 fidelis
887 3133 984 3176 caecus
1004 3131 1057 3176 es-

239 3189 398 3270 sedebat,
420 3195 474 3256 hoc
501 3211 548 3257 est
570 3193 652 3256 rebus
682 3188 837 3272 revelatis,
870 3193 1056 3270 potiusquam
1134 3217 1136 3220 ·

240 3269 438 3336 rationi'suae
457 3274 547 3337 etiam
577 3271 729 3337 reluilanti
759 3273 892 3354 credere3
927 3273 1057 3349 philoso-

239 3353 312 3437 phus
331 3371 402 3415 vero
422 3351 509 3432 debet
538 3373 602 3418 esse
622 3351 787 3432 ocuums,
813 3349 847 3417 ὅ(
869 3353 1017 3432 perspicax
1041 3377 1059 3416 ·.

239 3430 476 3508 smgula'tamen
500 3433 692 3514 explicemus..
887 3451 902 3464 ··
984 3450 987 3460 ’

230 3505 350 3602 “fluo
372 3515 419 3583 ud
442 3540 467 3580 ι.
489 3509 680 3596 ΤῐεεῐπῐῖῃέΒ
701 3534 832 3595 Ρπςοηκ
852 3509 1055 3660 mntete'aaerbem

328 3611 331 3618 1
949 3614 956 3654 l
