2370 4148
490 279 517 341 L
561 271 583 308 ⁸·
618 327 627 346 ·
827 301 830 310 ,
991 305 997 310 .

110 358 194 425 rasel
214 357 314 438 parius
334 355 497 437 expediret,
520 295 663 437 iido‘ique
691 355 721 418 ia
747 291 935 420 damniirire

111 441 245 502 omnium
265 437 560 522 leuissimafururos.
582 437 845 516 Exquibuspatet,
867 436 934 500 fidei

111 521 251 596 mysteria
273 539 330 598 non
352 519 456 595 opponi
478 516 877 600 eridentissimispriucipiis,
898 533 942 580 ue

111 598 186 666 falso
206 598 359 669 contendit
381 597 501 659 Baelius.
524 600 529 612 ‘
606 642 612 649 -
638 619 640 626 ’

109 719 112 724 -
154 689 222 754 187.
244 681 339 740 instat
359 676 435 740 idem
454 675 654 754 adversarius,
674 677 764 740 etiam
784 673 941 740 evidentes

47 801 48 805 =
112 757 258 824 naturales
279 757 419 822 veritates
440 757 545 832 seipsas
565 755 738 822 destruunt.
759 758 835 826 Nam
865 757 935 832 quid

109 838 277 902 evidentius
304 837 505 902 extensionem
533 855 596 898 esse
623 835 812 902 diuisibilem?
842 839 935 900 Certe

114 917 180 982 ideo
218 916 325 992 aliquid
356 933 509 980 extensum
534 910 696 991 est,⁴quia
724 933 822 990 partes
853 935 934 978 extra

114 1014 212 1076 partes
236 997 342 1061 habet:
364 1013 499 1060 attamen
527 993 688 1070 Philosophi
724 1012 939 1072 propugnantes

117 1097 242 1140 vacuum
261 1079 459 1145 extensionem
481 1087 641 1152 agnoscunt
663 1071 883 1147 indivisibilem,
902 1071 937 1137 dt

107 1153 336 1236 penetrabilem.
403 1173 406 1178 “
813 1201 816 1204 -

157 1247 222 1298 aar,
244 1241 291 1300 R.
311 1233 387 1300 allud
407 1257 470 1302 esse
490 1233 568 1312 loqui
590 1229 628 1296 de
649 1234 818 1298 extensione
840 1253 942 1313 corpo.

108 1339 181 1396 rea,
203 1316 279 1380 aliud
299 1316 336 1385 de
358 1319 527 1382 extensione
548 1314 682 1392 spetiali:
710 1315 874 1380 docebimus
906 1317 937 1378 in

115 1398 249 1475 physcis,
278 1397 422 1474 quomodo
449 1401 513 1460 lraec
551 1393 679 1458 secunda
720 1395 849 1471 partibus
888 1415 939 1458 ce·

113 1473 208 1572 reat,⁸
221 1474 254 1539 dc
278 1477 445 1556 soliditate,
463 1497 498 1546 ac
519 1475 705 1538 nibilominus
724 1475 763 1537 sit
793 1493 861 1540 vera
889 1493 935 1554 exp

114 1573 228 1620 tensio.
758 1609 762 1618 .
917 1618 920 1625 ,

107 1673 109 1678 .
158 1645 224 1710 189.
243 1641 317 1714 Opp
333 1661 365 1702 ι.
385 1635 462 1702 ldeae
480 1636 672 1714 quecumque
692 1635 796 1714 clane,
819 1636 850 1702 in
868 1656 940 1712 qua·

113 1729 182 1778 rum
197 1716 347 1781 euidentia
366 1718 498 1782 veritatis
518 1718 669 1782 criterium
681 1719 836 1780 statuimus
848 1713 938 1780 velad

114 1807 235 1860 externa
264 1796 619 1876 objetia‘extenduntur,
648 1798 693 1860 vel
726 1817 800 1857 non.
829 1797 856 1857 Si
884 1796 940 1870 pn

112 1889 216 1950 mum,
237 1875 339 1942 incerti
362 1895 472 1954 semper
491 1897 590 1942 sumus
610 1899 647 1942 an
676 1893 797 1940 externa
827 1872 937 1951 objecta

114 1957 341 2034 representem,
366 1957 461 2033 qualia
483 1959 512 2019 in
534 1957 729 2033 seipsissunt,
750 1955 934 2031 nequeenim

114 2053 242 2110 unquam
263 2035 442 2111 probabimus
463 2055 513 2100 eas
536 2037 663 2100 externis
690 2033 805 2110 objectis
822 2030 941 2096 confor-

103 2115 205 2191 ‘mari,
226 2135 294 2176 cum
315 2112 349 2178 dt
370 2113 487 2178 modum
508 2118 694 2192 ignoremus,
722 2134 778 2190 quo
798 2114 834 2178 ab
864 2113 941 2192 obje-
976 2140 979 2151 ¹

113 2191 168 2255 cris
187 2195 337 2272 oriantur,
367 2195 401 2259 dc
431 2196 579 2272 phanatici
610 2195 739 2258 homiues
769 2191 846 2256 ideas
876 2193 939 2258 cui·

112 2272 220 2337 dentes
240 2275 388 2350 habeant,
402 2297 468 2352 quae
489 2292 588 2339 tamen
617 2276 747 2336 extemis
776 2273 859 2337 rebus
883 2293 943 2336 aon

115 2370 185 2416 sont
206 2350 386 2416 conformes.
406 2357 439 2419 si.
454 2353 490 2418 de
514 2357 647 2418 secundis
674 2353 844 2433 loquamur,
873 2371 943 2429 que·

115 2431 158 2495 les
176 2449 246 2516 sunt
269 2436 402 2512 Fabicae,
422 2435 456 2498 dc
484 2437 666 2498 Geomet'riae
688 2436 845 2510 veritates,
875 2453 943 2496 cum

114 2529 236 2575 externa
258 2512 367 2591 objedla
399 2537 458 2577 non
487 2515 673 2592 pertingant,
702 2531 846 2590 quatenus
873 2527 944 2576 sunt

115 2591 398 2672 demonstrationes,
420 2600 507 2657 erunt
529 2597 669 2670 veritates
691 2590 943 2671 tantumidealcs,

114 2691 182 2748 quae
202 2673 310 2736 realem
328 2674 534 2740 certitudinem
554 2679 613 2736 non
632 2674 836 2748 suppeditant.
966 2677 985 2734 ⁹,

159 2761 225 2828 roo.
246 2757 287 2818 R.
321 2753 396 2816 Illud
426 2755 548 2831 primunr
577 2752 726 2817 sciendum
766 2770 833 2818 estr
866 2749 944 2816 ideas

117 2831 279 2910 simplices,
301 2853 369 2910 qurc
390 2852 459 2897 sunt
479 2833 627 2896 ratiocinii
649 2833 945 2912 elementa,.nequa·

99 2925 203 2988 quant
223 2913 283 2976 lieri
304 2933 389 2988 posse
409 2913 470 2976 sola
491 2914 603 2976 uirtute
624 2914 751 2990 mentis,
771 2914 820 2976 sed
841 2913 877 2976 ab
893 2931 945 2976 ex·

99 2995 210 3078 ¹ternis
230 2993 348 3073 objedlir
369 3015 418 3072 pet
439 3014 541 3056 sensus
573 2995 700 3056 animam
730 2991 767 3056 ad
798 2989 964 3062 cudendae*

115 3067 196 3134 ideas
217 3069 425 3152 determinari,
445 3073 533 3136 modo
542 3072 570 3134 io
581 3073 788 3150 metaphysicis.
799 3069 944 3148 explican-

119 3145 158 3242 do
171 3148 273 3242 eideae
301 3173 371 3216 vero
389 3157 579 3230 compositas,
610 3153 682 3220 sire
703 3143 839 3232 faciitiae,
873 3163 940 3228 quae

117 3245 148 3290 rn
167 3230 338 3304 simplicium
358 3235 573 3300 combinatione
593 3235 774 3309 consistunt,⁴
795 3247 864 3300 suut
885 3229 945 3308 ple·

117 3315 241 3402 rurisque
262 3313 368 3373 mentis
388 3335 476 3389 opus.
497 3321 596 3398 Quare
618 3316 741 3390 prime,
762 3310 842 3390 idest,
875 3311 945 3376 sim-

120 3386 210 3468 plices
249 3391 376 3452 externis
396 3391 510 3470 objedlis
530 3411 598 3456 sunt
620 3413 733 3470 prorsus
761 3387 944 3467 conformes,

116 3467 190 3531 alias
213 3437 290 3532 ieret
314 3472 395 3532 Deus
417 3489 565 3548 perpetuae
586 3471 728 3538 illusionis
749 3471 866 3549 audior,
893 3473 944 3544 qui

119 3551 249 3614 externis
276 3545 392 3627 objedlis
419 3550 498 3614 ideas
529 3547 618 3616 fabas
654 3551 822 3626 alligasset.-
858 3545 953 3622 idque,
