2338 4140
388 326 611 412 Matremne.
817 345 872 412 335
987 393 991 402 .

97 434 181 480 mens
211 415 343 490 proponit
374 415 478 492 eligere
507 415 556 490 qui
584 417 675 490 primo
703 405 803 490 obvius
823 431 906 483 est-⁶

97 515 222 570 trinaque
244 515 334 558 unum
357 493 562 558 tantummodo
590 496 694 572 eligere
719 490 824 559 debeat
846 513 911 561 tan-

98 595 185 653 quam
207 575 258 638 sibi
282 575 389 650 bonum
410 575 521 654 ,illum
542 577 674 656 accipit,
704 575 754 655 qui
782 577 843 655 ejus
866 592 911 642 at·

99 657 263 722 tentionem
285 653 480 733 determinat,
503 675 673 733 quacunque
695 659 730 721 de
750 676 871 722 caussa.

139 759 207 807 rot.
228 741 301 812 Opb,
324 763 338 800 2
357 758 407 816 'err
429 740 458 799 P.
480 739 687 800 Boscboviclrio
709 741 720 815 (
742 739 772 798 in
793 735 921 814 respnde·-

99 829 195 880 mento
215 815 255 878 ad
279 813 554 892 tlibl’bilosophice
574 821 743 884 recentioris
764 814 910 881 Benedilli

95 897 183 974 stay)
199 945 205 964 .
224 899 368 982 Quamvis
389 897 563 959 admittatur
582 917 671 982 agens
694 895 814 962 liberum
838 915 913 960 nun·

15 1009 16 1012 ¹
97 997 237 1054 quamse
257 976 451 1055 determinare
471 977 579 1052 absque
600 981 735 1057 motivo,
767 1001 824 1041 non
847 975 914 1042 inde

100 1073 198 1120 tamen
223 1058 355 1134 sequitur
375 1055 520 1122 motivum
540 1079 603 1120 esse
623 1061 778 1136 tationem,
804 1065 927 1134 durno-¹
1029 1073 1032 1077 ·

100 1139 160 1202 tius
180 1159 211 1200 se
233 1135 408 1204 determinet
430 1159 516 1214 quam
538 1157 620 1198 non:
651 1138 704 1202 nisi
719 1139 849 1200 'nomine
871 1157 916 1200 ra·

100 1219 187 1282 tionis
208 1214 378 1282 sufficientis
401 1217 581 1296 intelligatur
603 1219 662 1294 ipsa
683 1239 794 1282 caussae
815 1217 914 1280 liberae

101 1298 253 1362 arbitraria
274 1297 498 1363 determinatio.
529 1297 676 1374 Siquidem
700 1301 800 1376 positis
822 1297 920 1360 o'mni‹

100 1379 151 1441 bus
170 1380 293 1458 motivis
317 1429 326 1457 ,
357 1397 488 1444 remanet
518 1397 629 1457 semper
652 1379 680 1440 in
702 1389 806 1456 agente
829 1378 927 1444 libera

100 1456 228 1522 facultas
258 1481 295 1523 eo
324 1481 356 1524 se
384 1458 542 1525 inclinandi
567 1509 576 1538 ‚
603 1457 650 1520 ubi
680 1461 771 1523 etiam
802 1457 920 1520 minoris

102 1539 236 1617 ponderis
255 1540 384 1604 rationes
407 1539 572 1614 habentur,
602 1559 668 1601 tum
699 1559 800 1602 caussa
831 1535 926 1600 libera·

101 1641 134 1683 ea
156 1620 215 1699 sit,
238 1641 304 1698 quae
326 1620 427 1697 positis
449 1619 581 1691 omnibus
602 1618 635 1680 ad
660 1618 803 1696 agendum
820 1615 924 1696 'tequi-

100 1701 164 1764 sitis
186 1717 284 1780 potest
311 1701 400 1765 etiam
424 1717 481 1762 non
505 1713 606 1776 agere.
830 1764 831 1768 ,

141 1779 208 1852 402.
232 1781 277 1860 R.
300 1783 327 1844 sl
347 1800 433 1859 agens
454 1775 575 1842 liberum
596 1787 745 1856 ¹nunquam
771 1796 802 1842 se
821 1771 921 1842 deter-

100 1862 193 1924 minat
214 1861 321 1940 absque
342 1861 475 1940 motivo‚
499 1858 628 1937 profedlo
648 1880 743 1934 neque
764 1857 928 1936 postorali-¹

100 1959 161 2018 get,
185 1943 494 2022 quam'non,¹absque
518 1940 653 2018 motivo,
675 1937 814 2016 siquidem
837 1937 926 2012 elige-

101 2022 259 2098 leporius,
281 2042 367 2096 quarn
388 2044 463 2099 non,
483 2038 527 2084 est
548 2042 583 2084 se
605 2020 799 2084 determinare
821 2017 855 2080 ad
865 2015 927 2080 ele·

102 2099 222 2164 ellonem
245 2101 360 2177 potius,
382 2121 469 2176 quam
490 2100 525 2164 ad
548 2121 604 2161 non
628 2099 822 2174 eledlionem‚
845 2117 923 2162 cum-

106 2201 162 2254 que
180 2183 247 2243 baec
269 2179 477 2243 determinatio
498 2200 534 2244 ex
556 2179 716 2244 deliberato
735 2179 870 2258 tonsilla,
893 2173 927 2239 dt

104 2259 214 2341 judicio
236 2259 306 2337 fiat,
327 2259 609 2337 motivumaliquod
635 2262 739 2324 habere
761 2257 862 2324 debet.
896 2257 924 2320 Si

105 2361 174 2416 ergo
194 2341 339 2404 motivum
361 2336 539 2404 determinat
563 2337 811 2405 voluntatem-de
834 2361 864 2404 se
887 2339 930 2400 in·

101 2417 282 2508 differentem
303 2421 338 2484 atl
362 2420 552 2498 eledlionem,
582 2423 638 2498 jam
660 2422 839 2492 determinat
859 2435 931 2498 quo-

103 2523 160 2580 que
190 2500 404 2568 indifferentem
428 2503 547 2568 animat
573 2519 756 2579 potestatem
778 2504 874 2579 potius
896 2497 932 2562 ad

106 2581 293 2661 eligendum,
324 2605 411 2660 quam
434 2607 511 2662 non,
544 2580 625 2646 uncle
653 2583 755 2648 eadem
784 2585 930 2647 ratio'cut

102 2660 208 2742 eligat,
226 2678 278 2724 est
299 2664 392 2726 etiam
420 2666 495 2727 ratio
516 2683 569 2726 cur
590 2664 690 2737 potius
711 2664 830 2740 eligat„
926 2693 929 2703 ·

144 2763 212 2814 403·
232 2743 338 2816 Neque
361 2742 418 2804 dici
442 2760 540 2816 potest
563 2747 710 2804 motivum
732 2739 932 2807 eletlionises·

111 2839 142 2882 se
172 2818 352 2882 arbitrariam
386 2821 501 2894 agentis
523 2817 605 2881 liberi
627 2822 902 2888 determinationem
925 2861 934 2880 ·
1004 2873 1005 2880 κ

105 2902 181 2962 Nam
202 2902 265 2960 haec
286 2897 438 2960 arbitraria
462 2895 676 2970 determinatio
697 2903 741 2966 vel
763 2904 796 2968 fit
818 2927 853 2968 ex
875 2923 938 2966 nrob

106 2979 172 3042 tivo
191 2977 300 3054 aliquo,
322 2975 375 3038 vel
390 2996 465 3038 non.
484 2976 513 3037 si
540 2977 675 3056 primum,
699 2985 847 3060 nobiseum
869 2992 939 3048 com

106 3058 196 3122 venit.
217 3055 419 3121 adversarius.
448 3057 475 3118 Si
497 3055 661 3120 secundum
682 3061 787 3140 dicat,
818 3066 875 3128 erit
896 3081 941 3126 et·

107 3161 146 3216 go
169 3141 232 3202 haec
254 3137 466 3202 determinatio
488 3131 562 3198 ladla
580 3175 582 3182 ‹
597 3138 702 3214 absque
722 3143 830 3218 juditio
850 3147 941 3206 ratid-

109 3218 155 3280 nis
176 3267 185 3294 ,
216 3220 318 3294 sitque
341 3239 421 3282 caeeo
443 3213 528 3282 modo
552 3229 583 3278 s'e
604 3217 812 3285 determinabit
838 3222 942 3283 uolun-

111 3315 180 3374 tas,
202 3317 237 3360 ac
261 3313 328 3360 tota
350 3301 429 3362 ratio
450 3297 707 3363 determinationis
729 3301 942 3378 eritipsaarbl·

113 3380 203 3442 traria
224 3377 462 3456 determinatio,
495 3379 557 3441 sive
580 3373 790 3446 determinatio
810 3382 870 3445 erit
893 3379 943 3444 su'i
968 3387 975 3391 ’

111 3457 203 3536 ipsius
224 3458 316 3537 ratio,
338 3459 415 3536 quod
436 3459 597 3525 absurdum
619 3479 684 3528 est.
707 3463 885 3547 (Orsologite
906 3481 928 3526 n

111 3551 159 3605 28.
167 3541 181 3614 l
494 3581 497 3586 -

152 3643 220 3696 404·
240 3623 285 3694 At
306 3619 444 3691 voluntas
468 3643 582 3706 semper
605 3621 782 3700 facultatem
804 3624 891 3688 habet
902 3642 938 3692 eo
1025 3703 1027 3706 Ι

184 3737 187 3744 ’
863 3723 893 3768 Se
944 3763 949 3774 .

891 3914 905 3956 ζ,
