2376 4156
11 129 13 164 l

11 483 17 578 l

426 244 558 330 Logt'cae.
821 254 878 328 ῆς

106 341 206 404 retur,
237 343 331 404 neque
359 327 404 390 sni
435 331 556 394 haberet
582 325 818 409 conscientiam,
849 349 918 408 crgo

105 407 212 482 mentis
231 403 395 486 discursus,
415 428 448 474 ac
468 403 574 496 intima
605 409 785 474 conscientia
814 432 831 474 a
852 430 919 474 sen-

107 488 185 554 sibus
207 485 325 548 omnino
346 486 530 564 dependent.
589 537 594 542 -

156 579 220 636 ι64.
241 568 374 630 R-Dnto
393 568 484 630 etiam
505 567 612 632 mentis
623 569 803 646 cognitiones
820 589 924 634 omnes

65 667 66 674 ¹
111 646 141 710 in
160 653 260 710 sensus
282 643 400 710 tandem
423 645 569 724 recidere,
590 670 648 710 non
670 667 819 728 propterea
842 650 922 714 vires

112 727 189 802 capit
211 725 432 800 scepticismus.
453 730 530 789 Nam
550 729 681 791 sensibus
704 731 818 793 nonnisi
834 749 923 806 peco-

112 805 194 870 liares
215 801 291 866 ideas
312 805 489 946 acpuirimns
512 807 708 871 materialium
727 808 917 886 qualitatum,

111 889 180 950 dum
201 903 323 959 quarum
359 881 459 948 allatio
480 883 615 947 consistit
635 885 782 950 certitudo
802 885 942 969 genera,

116 961 190 1027 lium
209 961 403 1042 judiciorum,
424 985 457 1028 ac
479 963 602 1040 propriae
621 963 806 1035 existentiae.
920 1021 923 1026 .

155 1056 221 1120 165.
241 1047 315 1120 Opp.
335 1067 363 1106 n.
384 1047 589 1121 scepticismns
608 1065 625 1106 a
645 1044 738 1106 Sacris
758 1043 919 1122 scripturis

109 1122 193 1186 nobis
211 1122 448 1186 commendatur:
468 1145 535 1186 nam
546 1121 734 1188 Ecclesiastes
754 1144 781 1186 c.
792 1133 820 1200 8,
832 1143 860 1184 v.
873 1149 944 1220 17„

18 1278 20 1284 Ι
111 1201 234 1279 legitur:
253 1205 296 1264 Et
316 1201 461 1280 intellexi,
481 1198 560 1282 qnod
578 1204 708 1266 omnium
727 1221 850 1280 operum
867 1209 923 1266 Des

110 1280 222 1346 nuliam
242 1282 340 1358 possit
360 1279 445 1346 bomo
464 1279 597 1344 invenire
616 1284 761 1355 rationem
791 1299 892 1344 eorum
913 1283 942 1362 ,“

109 1381 175 1446 qun
190 1355 266 1438 fiunt
288 1357 345 1423 snb
364 1361 451 1426 sole:
471 1358 514 1445 dgr
534 1359 720 1441 quantoplus
741 1357 925 1424 laboraverit

110 1441 150 1506 ad
167 1437 374 1521 quarendum,
394 1438 479 1505 tontis
499 1443 597 1503 nosnos
626 1439 772 1503 inveniet:
804 1439 925 1504 ttinmsi

112 1518 220 1584 dixerit
239 1521 363 1597 sapiens
382 1540 414 1584 se
435 1539 539 1599 nosse,
561 1537 621 1583 non
642 1511 752 1596 pitssit
774 1521 934 1596 reperire:

112 1601 284 1678 Sapientiae,
307 1619 333 1664 c
366 1623 402 1676 9,
425 1621 452 1661 v·
486 1624 533 1696 15,
567 1597 697 1676 legiturt
724 1600 924 1681 Cogitationes

111 1677 283 1752 mortalium
300 1677 433 1758 timide,
453 1677 497 1752 dn
517 1694 636 1746 incerto
654 1679 847 1757 providente
875 1698 926 1744 no·

110 1775 204 1822 strae.
226 1763 272 1822 Ac
293 1757 411 1824 tandem
421 1757 502 1825 Eccl.
524 1782 564 1842 3,
581 1781 607 1822 v.
631 1775 682 1822 ro:
705 1756 945 1826 Mandonius.

112 1837 188 1918 didit
208 1843 289 1902 Deus
306 1836 502 1918 disputationi
523 1855 640 1918 torum,
659 1853 692 1902 ut
713 1859 769 1902 non
789 1839 921 1902 inveniat

113 1915 198 1985 homo
219 1934 313 1997 opus,
333 1917 411 2000 quod
429 1937 571 1998 operatus
589 1935 635 1981 cst
667 1923 746 1981 Deus
776 1916 815 1982 ob
842 1919 928 1982 initio
949 1975 952 2001 ,

112 1999 253 2080 usquein
268 1992 376 2076 finem:
398 2019 465 2076 ergo
486 1997 555 2061 nihil
576 1997 641 2062 sciri
663 2017 681 2060 a
702 1995 782 2060 nobis
805 2013 927 2078 potest,

114 2096 221 2156 practer
239 2097 294 2157 ea,
315 2097 381 2154 quae
403 2076 471 2142 fides
490 2076 594 2144 dotet.
615 2081 692 2140 Haec
711 2096 747 2140 ex
764 2078 898 2142 Huetio.

156 2169 221 2220 16⁶.
242 2159 284 2221 R.
304 2159 338 2219 ln
359 2157 456 2236 primis
476 2157 502 2220 si
530 2155 721 2219 Adversarius
748 2155 928 2232 scripturam

113 2242 249 2315 Sacram,
268 2256 302 2300 ac
323 2234 389 2300 fidei
409 2234 548 2299 admittat
565 2233 724 2314 principia,
745 2253 863 2298 necesse
877 2252 925 2298 est

113 2317 205 2381 etiam
225 2315 413 2394 ocoptirisno
433 2313 591 2381 valedicat:
611 2329 679 2378 cum
701 2312 779 2384 enim
792 2303 926 2392 fidentis

111 2393 290 2475 exauditu,
311 2412 346 2460 ut
367 2394 601 2476 aitApostolus,
668 2391 716 2456 cul
737 2392 824 2456 dubio
844 2391 947 2488 lale?

113 2491 196 2540 retur
216 2474 305 2552 fides,
325 2477 350 2540 si
368 2497 470 2542 sensus
489 2477 521 2540 in
541 2475 619 2537 omni
639 2496 673 2536 ns
704 2469 822 2538 fallaces
848 2471 926 2536 dice·
948 2542 951 2550 Ι

114 2573 237 2620 tentus.
257 2558 368 2622 Rursus
383 2555 455 2620 -fidei
475 2553 624 2620 certitudo
644 2569 691 2618 est
712 2555 747 2618 ab
768 2550 926 2616 infallibili·

9 2707 12 2716 Ι
114 2652 181 2702 tate
202 2638 261 2701 Dei
281 2635 456 2713 revelantis,
478 2634 608 2712 adeoque
637 2631 772 2712 supponit
798 2631 927 2700 existen·

113 2718 187 2780 tiam
210 2717 268 2780 Dei
287 2738 324 2782 ex
345 2717 429 2781 rebus
449 2717 527 2779 hunc
549 2713 688 2778 muundm
708 2709 926 2791 adspetlablem

115 2798 357 2874 componentibus
385 2789 403 2860 d
432 2796 513 2860 nobis
543 2795 743 2872 acquisitam3
780 2789 857 2858 unde
881 2791 927 2854 ait

113 2871 193 2940 idem
214 2875 390 2956 Apostolus:
422 2871 584 2940 invisibilia
614 2874 692 2938 enirn
719 2869 926 2950 ipsius<Dei)

113 2971 168 3034 per
189 2975 240 3033 eo,
261 2976 326 3040 quae
337 2951 423 3051 sada
443 2971 512 3020 sunt
529 2951 673 3018 inselleiia
689 2950 928 3046 conspiciuntur²

114 3037 160 3098 At
181 3036 261 3099 nobis
271 3058 328 3107 non
336 3051 627 3100 innotesccrctcerto
636 3031 793 3096 existentia
806 3034 872 3106 ,Der
883 3045 928 3110 ,por

115 3131 237 3190 sensus,
256 3118 349 3194 ratio,
370 3135 405 3182 ot
426 3117 528 3180 intima
550 3113 735 3181 conscicntia
750 3115 803 3172 nos
823 3129 925 3187 perpe·
939 3115 954 3130 '¹

115 3207 171 3255 tuo
190 3196 356 3272 deciperent
365 3214 377 3274 ,·
408 3193 588 3272 ineptissime
616 3213 684 3270 ergo
715 3211 765 3268 pro
785 3189 929 3268 Scepticls

113 3288 152 3334 en
173 3269 278 3337 divinis
299 3274 390 3338 lit'eris
409 3275 810 3350 testimonia'congeruntur.
875 3289 876 3296 ¹

162 3365 230 3430 167.
250 3349 381 3418 Addida
404 3376 490 3434 porto
510 3356 540 3418 in
560 3356 725 3432 oppositum
746 3348 925 3443 Sacraescri·

114 3448 212 3511 ptutae
234 3434 402 3498 testimonia
424 3434 574 3497 hominum
595 3434 793 3510 perstringunt
815 3444 930 3492 vanna·

114 3531 201 3598 tem,
222 3531 311 3602 atque
331 3516 548 3596 arrogantiam,
564 3533 623 3592 qua
649 3510 684 3578 ὅ(
702 3525 930 3649 οωηεςίζὶἓιτᾳ

800 3639 807 3664 ,
876 3647 878 3654 .

869 3865 879 3892 J
