2338 4140
329 261 553 351 Metnpbpuicael
703 346 704 350 Ἰ
791 273 848 349 235

78 347 236 426 cupiebant
257 343 398 426 dissolvi,
420 368 453 412 ut
466 346 637 412 D.Paulus.
656 347 890 429 Veletiarnquia

77 431 222 493 diuturno
244 443 380 504 ternpore
399 432 479 493 hisce
500 429 723 494 terrenisbonis
744 449 890 507 assueta,

77 531 112 573 ac
138 507 231 572 ueluti
253 507 418 582 mancipata
440 511 595 590 tristatur,
619 511 892 588 ubiearelinqucre

79 589 188 653 debet.
211 584 295 648 Adde
319 587 445 652 animani
467 607 596 653 creatam
617 611 699 668 esse,
728 610 762 655 ut
781 589 897 668 corpori

80 671 165 755 unita
197 666 344 727 hominem
373 669 562 752 constituit,
591 689 737 746 propterea
766 670 896 746 corporis

78 744 311 832 jormadicitur,
328 763 432 821 estque
450 748 789 826 ipsiintimeconjunlla
799 769 809 828 ,⁹
826 767 895 811 cunt

83 833 184 900 itaque
207 845 255 901 per
277 842 402 887 mortem
424 831 478 888 hoc
496 821 894 894 baturalevinculnnsolna

88 925 164 983 tur,
187 905 254 968 hinc
278 907 380 966 mortis
401 909 500 980 horror
520 923 565 969 est
585 909 717 972 omnibus
736 909 899 986 naturalis.¹

132 1008 200 1057 229.
220 989 295 1059 Opp.
316 1007 342 1046 2.
364 986 459 1061 ratio,
481 1003 547 1060 quae
568 985 761 1052 immortalem
790 990 901 1050 anima

89 1071 230 1130 humanae
252 1079 388 1126 naturam
410 1064 558 1140 ostendit,
579 1065 898 1145 exejusspiritualina·

87 1165 155 1211 tura
178 1141 375 1222 depromitur.
398 1148 442 1206 At
463 1145 594 1208 novimus
615 1147 696 1211 entia
718 1143 903 1224 spiritualia,

87 1226 122 1292 dr
143 1223 358 1300 corruptibilia:
381 1223 455 1288 talia
476 1241 546 1288 sunt
566 1227 677 1304 gratia,
699 1227 818 1306 ejusque
848 1229 898 1286 ha·

90 1307 189 1380 bitus,
211 1304 306 1377 ideas,
328 1325 362 1366 ac
384 1303 502 1370 tandem
525 1305 677 1369 brutorum
698 1308 793 1370 anima
814 1308 898 1384 juxta

90 1386 321 1464 cummuniorem
333 1386 546 1447 Recentiorum
560 1387 748 1464 sententiam,
763 1383 901 1463 ergodrc.

130 1485 199 1538 230·
220 1467 261 1526 R.
281 1465 309 1524 in
335 1465 431 1540 primis
453 1465 632 1540 spiritualem
648 1469 908 1530 animaeuaturanu

90 1566 149 1609 non
170 1563 233 1606 esse
253 1542 343 1605 solnm
376 1546 438 1621 ejus
455 1545 699 1610 immortalitatis
714 1548 864 1610 rationem
886 1594 894 1622 ,

85 1645 158 1702 curn
182 1622 304 1686 ulterius
328 1624 434 1686 animae
454 1624 660 1688 immortalitas
691 1627 901 1702 enshominurn

39 1713 45 1720 '
94 1721 258 1780 consensu,
278 1723 314 1766 cx
333 1703 523 1768 conscientias
541 1703 687 1783 stimuliS,
707 1729 743 1772 ex
768 1707 902 1784 ingenito·

93 1803 215 1852 aeternas
239 1781 311 1845 vitae
330 1783 490 1864 desiderio,
514 1786 686 1864 exjustitia
717 1786 775 1850 Dei
807 1785 909 1862 possit·

94 1862 305 1928 demonstrari.
325 1861 444 1926 Deinde
464 1865 560 1927 anima
582 1870 708 1930 humana
729 1861 835 1927 nedum
855 1881 903 1926 est

97 1940 272 2020 spiritualis,
296 1940 348 2005 sed
366 1942 495 2004 ulterius
508 1961 561 2006 est
581 1945 743 2007 substantia
767 1943 905 2006 nulloin-

5 2037 6 2046 ¹
96 2024 161 2100 diga
182 2016 313 2098 subjecto
332 2019 366 2084 ad
388 2019 591 2099 existendum,
612 2023 687 2086 unde
709 2022 788 2086 nulla
809 2023 904 2097 estip-

90 2105 158 2170 sius
180 2101 361 2176 comparatio
381 2122 449 2164 cum
472 2099 559 2180 ideis,
582 2103 724 2166 habitibus
745 2100 805 2165 dcc.
835 2117 904 2180 quae

98 2203 167 2262 pura
187 2178 348 2244 accidentia
366 2197 453 2256 sunt,
476 2181 537 2242 sive
553 2180 782 2266 modificationes
800 2177 907 2246 facilli·

103 2281 150 2326 me
172 2259 357 2338 deficientes,
376 2259 414 2324 ὅτ
433 2259 600 2328 variabiles.

141 2365 206 2417 231.
231 2339 315 2420 Quod
337 2340 446 2418 speon
464 2340 502 2404 nd
522 2341 674 2406 brutorum
703 2344 856 2418 animant,
879 2340 905 2403 si

101 2423 261 2498 spititualis
279 2423 342 2498 ipsa
363 2421 559 2501 concedatur,
588 2422 617 2486 id
647 2435 789 2500 sequetur
814 2418 910 2500 proie-

103 2501 166 2566 uo:
190 2501 301 2566 nullum
323 2501 454 2566 naturale
475 2509 662 2581 agensposse
677 2505 766 2582 ipsam
777 2502 911 2566 destrue-

45 2601 47 2606 ’
104 2603 151 2646 re.
172 2578 320 2658 Numquid
339 2600 489 2659 propterea
512 2584 575 2659 pari
596 2587 659 2663 jure
677 2583 829 2646 ostendere
859 2601 910 2658 po-

9 2711 11 2716 ,
105 2680 206 2728 terunt
227 2661 394 2726 Adversarii
416 2665 516 2725 Dtutn
537 2661 614 2726 nolle
639 2681 689 2726 ens
718 2660 910 2736 annihilare,

9 2747 10 2752 ’
106 2745 193 2808 sicuti
213 2741 250 2806 de
270 2744 397 2804 humana
417 2741 513 2802 anima
532 2737 624 2806 suita
643 2739 912 2806 nobisdetnonstra⁴

99 2829 195 2888 tum?
217 2821 386 2900 (unp).
408 2824 503 2884 Certe.
513 2821 612 2897 potius
629 2823 793 2900 oppositum
808 2817 913 2884 suadet

108 2905 199 2968 ratio:
229 2922 294 2968 turn
321 2902 389 2978 quia
419 2900 570 2962 brutorum
611 2901 718 2964 animae
748 2923 765 2966 a
794 2917 914 2978 corpore

110 2985 229 3046 omnino
249 2980 413 3061 pendeant:
444 2998 508 3044 tum
529 2981 596 3056 quia
625 2981 691 3044 boui
717 2979 850 3056 moralis,
879 2997 915 3042 ac

11 3105 13 3120 2
105 3063 206 3138 ,legunt
228 3065 287 3128 sint
309 3063 475 3139 incapaces,
496 3056 914 3136 adeoqueenrurnimmottali·

113 3157 208 3204 tatem
229 3164 287 3203 non
307 3143 399 3218 exigit
420 3135 916 3220 justitiaueipistributivnaedde

11 3259 14 3278 r
113 3221 264 3285 mutorum
284 3223 381 3286 anima
402 3217 495 3285 fusius
516 3220 601 3285 alibi.

153 3312 221 3374 2'32·
242 3305 315 3377 opp.
336 3323 362 3374 3·
382 3302 526 3365 Sociniarri
546 3300 628 3380 plura
650 3307 743 3365 Sacrae
761 3299 917 3376 scripturae

111 3379 291 3458 testimonia,
313 3399 331 3442 e
351 3380 454 3455 quibus
474 3383 580 3448 animae
608 3387 746 3446 humanae
773 3380 917 3459 corrupti·

106 3463 204 3528 bilitas
226 3457 388 3526 luculenter
407 3455 576 3528 deducitur.
605 3466 651 3526 lle
678 3462 770 3538 primo
801 3460 836 3524 ad
867 3464 919 3521 ho·

115 3543 203 3636 priuis
222 3543 400 3620 creationem
421 3562 447 3610 c·
473 3567 499 3614 ι,
512 3545 661 3614 Genetos
675 3540 917 3680 descriptamlap»
