<?xml version="1.0" encoding="UTF-8"?>
<!DOCTYPE html PUBLIC "-//W3C//DTD XHTML 1.0 Transitional//EN"
    "http://www.w3.org/TR/xhtml1/DTD/xhtml1-transitional.dtd">
<html xmlns="http://www.w3.org/1999/xhtml" xml:lang="en" lang="en">
 <head>
  <title>
</title>
<meta http-equiv="Content-Type" content="text/html;charset=utf-8" />
  <meta name='ocr-system' content='tesseract 3.04.00' />
  <meta name='ocr-capabilities' content='ocr_page ocr_carea ocr_par ocr_line ocrx_word'/>
</head>
<body>
  <div class='ocr_page' id='page_1' title='image "./elementsphiloso03altigoog_0010.png"; bbox 0 0 2374 4298; ppageno 0'>
   <div class='ocr_carea' id='block_1_1' title="bbox 162 2973 406 3041">
    <p class='ocr_par' dir='ltr' id='par_1_1' title="bbox 162 2973 406 3041">
     <span class='ocr_line' id='line_1_1' title="bbox 162 2973 406 3041; baseline 0 -3"><span class='ocrx_word' id='word_1_1' title='bbox 162 2993 177 3005; x_wconf 63' lang='lat'><em>”</em></span> <span class='ocrx_word' id='word_1_2' title='bbox 257 2973 406 3041; x_wconf 69' lang='lat' dir='ltr'>stolorum</span> 
     </span>
    </p>
   </div>
   <div class='ocr_carea' id='block_1_2' title="bbox 264 283 1175 414">
    <p class='ocr_par' dir='ltr' id='par_1_2' title="bbox 264 283 1175 414">
     <span class='ocr_line' id='line_1_2' title="bbox 264 283 1175 414; baseline -0.01 -8"><span class='ocrx_word' id='word_1_3' title='bbox 264 283 506 406; x_wconf 68' lang='lat' dir='ltr'>codr&#39;meodatae.</span> <span class='ocrx_word' id='word_1_4' title='bbox 535 337 583 401; x_wconf 86' lang='lat' dir='ltr'>&#39;I&#39;u</span> <span class='ocrx_word' id='word_1_5' title='bbox 615 331 691 401; x_wconf 89' lang='lat' dir='ltr'>idem</span> <span class='ocrx_word' id='word_1_6' title='bbox 721 333 750 398; x_wconf 91' lang='lat' dir='ltr'>in</span> <span class='ocrx_word' id='word_1_7' title='bbox 780 349 862 399; x_wconf 85' lang='lat' dir='ltr'>tanta</span> <span class='ocrx_word' id='word_1_8' title='bbox 892 355 987 400; x_wconf 86' lang='lat' dir='ltr'>rerurn</span> <span class='ocrx_word' id='word_1_9' title='bbox 1007 329 1091 414; x_wconf 80' lang='lat' dir='ltr'>mole</span> <span class='ocrx_word' id='word_1_10' title='bbox 1168 324 1175 332; x_wconf 71' lang='grc'><strong>”</strong></span> 
     </span>
    </p>
   </div>
   <div class='ocr_carea' id='block_1_3' title="bbox 203 415 1156 2650">
    <p class='ocr_par' dir='ltr' id='par_1_3' title="bbox 203 415 1156 2650">
     <span class='ocr_line' id='line_1_3' title="bbox 254 415 1092 496; baseline -0.011 -10"><span class='ocrx_word' id='word_1_11' title='bbox 254 420 346 486; x_wconf 84' lang='lat' dir='ltr'>-haud</span> <span class='ocrx_word' id='word_1_12' title='bbox 367 420 464 484; x_wconf 87' lang='lat' dir='ltr'>animo</span> <span class='ocrx_word' id='word_1_13' title='bbox 482 415 661 496; x_wconf 84' lang='lat' dir='ltr'>despondens</span> <span class='ocrx_word' id='word_1_14' title='bbox 684 437 738 480; x_wconf 85' lang='lat' dir='ltr'>nec</span> <span class='ocrx_word' id='word_1_15' title='bbox 759 416 864 480; x_wconf 80' lang='lat' dir='ltr'>Patriae</span> <span class='ocrx_word' id='word_1_16' title='bbox 885 415 995 480; x_wconf 85' lang='lat' dir='ltr'>oblitus</span> <span class='ocrx_word' id='word_1_17' title='bbox 1024 436 1092 492; x_wconf 87' lang='lat' dir='ltr'>npe-</span> 
     </span>
     <span class='ocr_line' id='line_1_4' title="bbox 263 494 1091 578; baseline -0.007 -14"><span class='ocrx_word' id='word_1_18' title='bbox 263 521 297 564; x_wconf 90' lang='lat' dir='ltr'>ra</span> <span class='ocrx_word' id='word_1_19' title='bbox 307 503 321 578; x_wconf 76' lang='grc'>,’</span> <span class='ocrx_word' id='word_1_20' title='bbox 337 498 371 564; x_wconf 80' lang='lat' dir='ltr'>dt</span> <span class='ocrx_word' id='word_1_21' title='bbox 391 499 582 563; x_wconf 86' lang='lat' dir='ltr'>contentione</span> <span class='ocrx_word' id='word_1_22' title='bbox 606 495 703 561; x_wconf 81' lang='lat' dir='ltr'>fecisti</span> <span class='ocrx_word' id='word_1_23' title='bbox 725 511 760 562; x_wconf 94' lang='lat' dir='ltr'>ut</span> <span class='ocrx_word' id='word_1_24' title='bbox 779 494 922 561; x_wconf 80' lang='lat' dir='ltr'>Clemens</span> <span class='ocrx_word' id='word_1_25' title='bbox 941 497 1035 572; x_wconf 90' lang='lat' dir='ltr'>XlV,</span> <span class='ocrx_word' id='word_1_26' title='bbox 1057 515 1091 558; x_wconf 84' lang='lat' dir='ltr'>ac</span> 
     </span>
     <span class='ocr_line' id='line_1_5' title="bbox 263 575 1083 658; baseline -0.006 -15"><span class='ocrx_word' id='word_1_27' title='bbox 263 579 335 644; x_wconf 84' lang='lat' dir='ltr'>Pius</span> <span class='ocrx_word' id='word_1_28' title='bbox 358 583 421 658; x_wconf 89' lang='lat' dir='ltr'>Vl,</span> <span class='ocrx_word' id='word_1_29' title='bbox 442 579 571 642; x_wconf 88' lang='lat' dir='ltr'>Romani</span> <span class='ocrx_word' id='word_1_30' title='bbox 593 575 747 643; x_wconf 86' lang='lat' dir='ltr'>Pontifices</span> <span class='ocrx_word' id='word_1_31' title='bbox 766 579 931 653; x_wconf 83' lang='lat' dir='ltr'>quampiam</span> <span class='ocrx_word' id='word_1_32' title='bbox 951 576 1083 653; x_wconf 86' lang='lat' dir='ltr'>gravissi·</span> 
     </span>
     <span class='ocr_line' id='line_1_6' title="bbox 263 655 1083 744; baseline -0.007 -21"><span class='ocrx_word' id='word_1_33' title='bbox 263 660 320 723; x_wconf 87' lang='lat' dir='ltr'>mis</span> <span class='ocrx_word' id='word_1_34' title='bbox 341 659 434 722; x_wconf 90' lang='lat' dir='ltr'>totius</span> <span class='ocrx_word' id='word_1_35' title='bbox 454 658 538 722; x_wconf 85' lang='lat' dir='ltr'>Orbis</span> <span class='ocrx_word' id='word_1_36' title='bbox 559 657 693 736; x_wconf 80' lang='lat' dir='ltr'>impliciti</span> <span class='ocrx_word' id='word_1_37' title='bbox 712 655 952 721; x_wconf 81' lang='lat' dir='ltr'>sollicitudinibus</span> <span class='ocrx_word' id='word_1_38' title='bbox 973 655 1007 720; x_wconf 88' lang='lat' dir='ltr'>ad</span> <span class='ocrx_word' id='word_1_39' title='bbox 1016 659 1083 744; x_wconf 63' lang='lat' dir='ltr'>lier-</span> 
     </span>
     <span class='ocr_line' id='line_1_7' title="bbox 207 735 1084 814; baseline -0.007 -10"><span class='ocrx_word' id='word_1_40' title='bbox 207 799 209 804; x_wconf 90' lang='lat'><em>.</em></span> <span class='ocrx_word' id='word_1_41' title='bbox 262 739 420 804; x_wconf 86' lang='lat' dir='ltr'>rarienscm</span> <span class='ocrx_word' id='word_1_42' title='bbox 444 739 629 804; x_wconf 84' lang='lat' dir='ltr'>restauranda</span> <span class='ocrx_word' id='word_1_43' title='bbox 648 735 838 802; x_wconf 84' lang='lat' dir='ltr'>Academiam</span> <span class='ocrx_word' id='word_1_44' title='bbox 856 755 988 814; x_wconf 88' lang='lat' dir='ltr'>temporo</span> <span class='ocrx_word' id='word_1_45' title='bbox 1012 745 1017 756; x_wconf 83' lang='lat'><em>&#39;</em></span> <span class='ocrx_word' id='word_1_46' title='bbox 1040 737 1084 798; x_wconf 89' lang='lat' dir='ltr'>in·</span> 
     </span>
     <span class='ocr_line' id='line_1_8' title="bbox 262 811 1084 899; baseline -0.005 -17"><span class='ocrx_word' id='word_1_47' title='bbox 262 811 339 899; x_wconf 73' lang='lat' dir='ltr'>iuria</span> <span class='ocrx_word' id='word_1_48' title='bbox 360 817 516 895; x_wconf 84' lang='lat' dir='ltr'>collapsam</span> <span class='ocrx_word' id='word_1_49' title='bbox 536 819 664 883; x_wconf 90' lang='lat' dir='ltr'>animum</span> <span class='ocrx_word' id='word_1_50' title='bbox 696 819 902 883; x_wconf 82' lang='lat' dir='ltr'>convertereht</span> <span class='ocrx_word' id='word_1_51' title='bbox 926 835 933 875; x_wconf 91' lang='lat'>:</span> <span class='ocrx_word' id='word_1_52' title='bbox 961 837 979 894; x_wconf 72' lang='lat' dir='ltr'>p</span> <span class='ocrx_word' id='word_1_53' title='bbox 998 832 1084 892; x_wconf 90' lang='lat' dir='ltr'>mque</span> 
     </span>
     <span class='ocr_line' id='line_1_9' title="bbox 261 893 1086 978; baseline -0.01 -15"><span class='ocrx_word' id='word_1_54' title='bbox 261 899 371 978; x_wconf 80' lang='lat' dir='ltr'>rogatis</span> <span class='ocrx_word' id='word_1_55' title='bbox 392 897 518 977; x_wconf 82' lang='lat' dir='ltr'>legibus,</span> <span class='ocrx_word' id='word_1_56' title='bbox 538 919 616 962; x_wconf 89' lang='lat' dir='ltr'>novo</span> <span class='ocrx_word' id='word_1_57' title='bbox 635 915 737 964; x_wconf 88' lang='lat' dir='ltr'>creato</span> <span class='ocrx_word' id='word_1_58' title='bbox 759 897 941 974; x_wconf 80' lang='lat' dir='ltr'>Magistratu</span> <span class='ocrx_word' id='word_1_59' title='bbox 960 897 969 974; x_wconf 73' lang='grc' dir='ltr'><strong><em>ζ</em></strong></span> <span class='ocrx_word' id='word_1_60' title='bbox 988 893 1086 972; x_wconf 90' lang='lat' dir='ltr'>dupli·</span> 
     </span>
     <span class='ocr_line' id='line_1_10' title="bbox 264 977 1054 1054; baseline -0.008 -11"><span class='ocrx_word' id='word_1_61' title='bbox 264 996 335 1044; x_wconf 90' lang='lat' dir='ltr'>cato</span> <span class='ocrx_word' id='word_1_62' title='bbox 354 999 443 1042; x_wconf 85' lang='lat' dir='ltr'>censu</span> <span class='ocrx_word' id='word_1_63' title='bbox 555 978 622 1043; x_wconf 88' lang='lat' dir='ltr'>imis</span> <span class='ocrx_word' id='word_1_64' title='bbox 651 977 798 1042; x_wconf 86' lang='lat' dir='ltr'>accersitis</span> <span class='ocrx_word' id='word_1_65' title='bbox 828 981 945 1054; x_wconf 85' lang='lat' dir='ltr'>Praecep</span> <span class='ocrx_word' id='word_1_66' title='bbox 960 978 1054 1041; x_wconf 89' lang='lat' dir='ltr'>oribus</span> 
     </span>
     <span class='ocr_line' id='line_1_11' title="bbox 259 980 1085 1200; baseline -0.002 -78"><span class='ocrx_word' id='word_1_67' title='bbox 259 1056 402 1126; x_wconf 77' lang='lat' dir='ltr'>Praeledlo</span> <span class='ocrx_word' id='word_1_68' title='bbox 422 995 767 1200; x_wconf 43' lang='lat' dir='ltr'>deffnpuficarenr</span> <span class='ocrx_word' id='word_1_69' title='bbox 781 1099 797 1116; x_wconf 88' lang='lat'>..</span> <span class='ocrx_word' id='word_1_70' title='bbox 824 1059 932 1132; x_wconf 79' lang='lat' dir='ltr'>Neque</span> <span class='ocrx_word' id='word_1_71' title='bbox 946 980 1021 1138; x_wconf 68' lang='lat' dir='ltr'>lero</span> <span class='ocrx_word' id='word_1_72' title='bbox 1048 1022 1085 1120; x_wconf 88' lang='lat' dir='ltr'>ad</span> 
     </span>
     <span class='ocr_line' id='line_1_12' title="bbox 259 1132 1086 1204; baseline -0.008 0"><span class='ocrx_word' id='word_1_73' title='bbox 259 1141 372 1204; x_wconf 79' lang='lat' dir='ltr'>Patriae</span> <span class='ocrx_word' id='word_1_74' title='bbox 391 1137 477 1203; x_wconf 90' lang='lat' dir='ltr'>lltera</span> <span class='ocrx_word' id='word_1_75' title='bbox 507 1135 678 1200; x_wconf 85' lang='lat' dir='ltr'>excitandas</span> <span class='ocrx_word' id='word_1_76' title='bbox 698 1147 910 1199; x_wconf 76' lang='lat' dir='ltr'>vocetantum</span> <span class='ocrx_word' id='word_1_77' title='bbox 960 1136 1004 1202; x_wconf 58' lang='lat' dir='ltr'>bc·</span> <span class='ocrx_word' id='word_1_78' title='bbox 1020 1132 1086 1199; x_wconf 83' lang='lat' dir='ltr'>offr-</span> 
     </span>
     <span class='ocr_line' id='line_1_13' title="bbox 203 1185 1082 1298; baseline -0.005 -15"><span class='ocrx_word' id='word_1_79' title='bbox 203 1263 205 1268; x_wconf 91' lang='lat'>-</span> <span class='ocrx_word' id='word_1_80' title='bbox 263 1221 332 1298; x_wconf 89' lang='lat' dir='ltr'>cio,</span> <span class='ocrx_word' id='word_1_81' title='bbox 352 1217 428 1296; x_wconf 89' lang='lat' dir='ltr'>quod</span> <span class='ocrx_word' id='word_1_82' title='bbox 448 1216 512 1280; x_wconf 87' lang='lat' dir='ltr'>aliis</span> <span class='ocrx_word' id='word_1_83' title='bbox 532 1215 623 1280; x_wconf 87' lang='lat' dir='ltr'>etiam</span> <span class='ocrx_word' id='word_1_84' title='bbox 642 1234 798 1280; x_wconf 86' lang='lat' dir='ltr'>commune</span> <span class='ocrx_word' id='word_1_85' title='bbox 811 1235 875 1282; x_wconf 87' lang='lat' dir='ltr'>esse</span> <span class='ocrx_word' id='word_1_86' title='bbox 897 1185 981 1280; x_wconf 80' lang='lat' dir='ltr'>solet·</span> <span class='ocrx_word' id='word_1_87' title='bbox 1015 1217 1082 1280; x_wconf 87' lang='lat' dir='ltr'>sirn-</span> 
     </span>
     <span class='ocr_line' id='line_1_14' title="bbox 260 1245 1084 1374; baseline -0.005 -10"><span class='ocrx_word' id='word_1_88' title='bbox 260 1298 362 1364; x_wconf 88' lang='lat' dir='ltr'>bolnm</span> <span class='ocrx_word' id='word_1_89' title='bbox 381 1295 555 1374; x_wconf 84' lang='lat' dir='ltr'>contulisti3</span> <span class='ocrx_word' id='word_1_90' title='bbox 574 1295 624 1358; x_wconf 89' lang='lat' dir='ltr'>sed</span> <span class='ocrx_word' id='word_1_91' title='bbox 644 1297 693 1373; x_wconf 91' lang='lat' dir='ltr'>qui</span> <span class='ocrx_word' id='word_1_92' title='bbox 715 1315 835 1358; x_wconf 84' lang='lat' dir='ltr'>summae</span> <span class='ocrx_word' id='word_1_93' title='bbox 859 1245 1084 1372; x_wconf 45' lang='lat' dir='ltr'>beneficeirrffi</span> 
     </span>
     <span class='ocr_line' id='line_1_15' title="bbox 260 1371 1082 1466; baseline 0 -28"><span class='ocrx_word' id='word_1_94' title='bbox 260 1375 297 1442; x_wconf 72' lang='grc' dir='ltr'>ἃ</span> <span class='ocrx_word' id='word_1_95' title='bbox 316 1373 501 1464; x_wconf 82' lang='lat' dir='ltr'>liberalitatis</span> <span class='ocrx_word' id='word_1_96' title='bbox 524 1371 631 1466; x_wconf 73' lang='lat' dir='ltr'>frudlus</span> <span class='ocrx_word' id='word_1_97' title='bbox 651 1375 769 1445; x_wconf 81' lang='lat' dir='ltr'>dederas</span> <span class='ocrx_word' id='word_1_98' title='bbox 779 1375 1082 1458; x_wconf 71' lang='lat' dir='ltr'>luculentissimoslr)</span> 
     </span>
     <span class='ocr_line' id='line_1_16' title="bbox 260 1456 1083 1536; baseline 0.005 -17"><span class='ocrx_word' id='word_1_99' title='bbox 260 1472 372 1534; x_wconf 79' lang='lat' dir='ltr'>quanta</span> <span class='ocrx_word' id='word_1_100' title='bbox 394 1457 423 1519; x_wconf 92' lang='lat' dir='ltr'>in</span> <span class='ocrx_word' id='word_1_101' title='bbox 447 1456 781 1534; x_wconf 74' lang='lat' dir='ltr'>pontificium-Lyceum</span> <span class='ocrx_word' id='word_1_102' title='bbox 804 1457 924 1520; x_wconf 88' lang='lat' dir='ltr'>molitus</span> <span class='ocrx_word' id='word_1_103' title='bbox 943 1479 995 1536; x_wconf 85' lang='lat' dir='ltr'>es,</span> <span class='ocrx_word' id='word_1_104' title='bbox 1015 1476 1083 1534; x_wconf 76' lang='lat' dir='ltr'>quar</span> 
     </span>
     <span class='ocr_line' id='line_1_17' title="bbox 251 1534 1083 1615; baseline -0.004 -14"><span class='ocrx_word' id='word_1_105' title='bbox 251 1535 301 1609; x_wconf 77' lang='lat' dir='ltr'>&#39;ad</span> <span class='ocrx_word' id='word_1_106' title='bbox 321 1539 383 1615; x_wconf 81' lang='lat' dir='ltr'>ejus</span> <span class='ocrx_word' id='word_1_107' title='bbox 413 1534 620 1614; x_wconf 77' lang='lat' dir='ltr'>splendorem,</span> <span class='ocrx_word' id='word_1_108' title='bbox 650 1559 684 1603; x_wconf 88' lang='lat' dir='ltr'>ac</span> <span class='ocrx_word' id='word_1_109' title='bbox 714 1539 854 1602; x_wconf 86' lang='lat' dir='ltr'>bonarum</span> <span class='ocrx_word' id='word_1_110' title='bbox 886 1539 993 1602; x_wconf 87' lang='lat' dir='ltr'>artium</span> <span class='ocrx_word' id='word_1_111' title='bbox 1020 1553 1083 1602; x_wconf 82' lang='lat' dir='ltr'>stu-</span> 
     </span>
     <span class='ocr_line' id='line_1_18' title="bbox 251 1615 1085 1698; baseline 0.005 -22"><span class='ocrx_word' id='word_1_112' title='bbox 251 1618 342 1680; x_wconf 84' lang='lat' dir='ltr'>dium</span> <span class='ocrx_word' id='word_1_113' title='bbox 371 1615 526 1698; x_wconf 90' lang='lat' dir='ltr'>perducere</span> <span class='ocrx_word' id='word_1_114' title='bbox 553 1616 765 1681; x_wconf 56' lang='lat' dir='ltr'>videbantur?</span> <span class='ocrx_word' id='word_1_115' title='bbox 780 1623 887 1684; x_wconf 85' lang='lat' dir='ltr'>Patent</span> <span class='ocrx_word' id='word_1_116' title='bbox 909 1619 938 1682; x_wconf 89' lang='lat' dir='ltr'>in</span> <span class='ocrx_word' id='word_1_117' title='bbox 961 1615 1085 1698; x_wconf 83' lang='lat' dir='ltr'>publica</span> 
     </span>
     <span class='ocr_line' id='line_1_19' title="bbox 261 1691 1086 1778; baseline -0.004 -14"><span class='ocrx_word' id='word_1_118' title='bbox 261 1697 445 1764; x_wconf 79' lang='lat' dir='ltr'>Bibliotheca</span> <span class='ocrx_word' id='word_1_119' title='bbox 467 1691 541 1760; x_wconf 69' lang='lat' dir='ltr'>audii</span> <span class='ocrx_word' id='word_1_120' title='bbox 561 1696 655 1778; x_wconf 91' lang='lat' dir='ltr'>plutei</span> <span class='ocrx_word' id='word_1_121' title='bbox 682 1692 956 1777; x_wconf 86' lang='lat' dir='ltr'>quadringentomm</span> <span class='ocrx_word' id='word_1_122' title='bbox 986 1702 1086 1762; x_wconf 83' lang='lat' dir='ltr'>Ferra-</span> 
     </span>
     <span class='ocr_line' id='line_1_20' title="bbox 258 1777 1086 1855; baseline -0.001 -11"><span class='ocrx_word' id='word_1_123' title='bbox 258 1778 401 1844; x_wconf 82' lang='lat' dir='ltr'>tiensium</span> <span class='ocrx_word' id='word_1_124' title='bbox 422 1779 598 1855; x_wconf 82' lang='lat' dir='ltr'>Scriptorum</span> <span class='ocrx_word' id='word_1_125' title='bbox 622 1779 753 1855; x_wconf 83' lang='lat' dir='ltr'>operibus</span> <span class='ocrx_word' id='word_1_126' title='bbox 775 1799 832 1841; x_wconf 87' lang='lat' dir='ltr'>una</span> <span class='ocrx_word' id='word_1_127' title='bbox 854 1777 940 1842; x_wconf 87' lang='lat' dir='ltr'>simul</span> <span class='ocrx_word' id='word_1_128' title='bbox 964 1777 999 1843; x_wconf 82' lang='lat' dir='ltr'>ad</span> <span class='ocrx_word' id='word_1_129' title='bbox 1021 1777 1086 1843; x_wconf 91' lang='lat' dir='ltr'>mil·</span> 
     </span>
     <span class='ocr_line' id='line_1_21' title="bbox 257 1856 1084 1937; baseline 0.001 -16"><span class='ocrx_word' id='word_1_130' title='bbox 257 1857 291 1922; x_wconf 80' lang='lat' dir='ltr'>le</span> <span class='ocrx_word' id='word_1_131' title='bbox 315 1857 496 1920; x_wconf 88' lang='lat' dir='ltr'>voluminum</span> <span class='ocrx_word' id='word_1_132' title='bbox 517 1856 657 1935; x_wconf 85' lang='lat' dir='ltr'>amplius-</span> <span class='ocrx_word' id='word_1_133' title='bbox 678 1857 805 1923; x_wconf 74' lang='lat' dir='ltr'>collectis</span> <span class='ocrx_word' id='word_1_134' title='bbox 825 1867 892 1922; x_wconf 84' lang='lat' dir='ltr'>&#39;cum</span> <span class='ocrx_word' id='word_1_135' title='bbox 915 1857 1052 1937; x_wconf 76' lang='lat' dir='ltr'>singulari</span> <span class='ocrx_word' id='word_1_136' title='bbox 1074 1903 1084 1936; x_wconf 91' lang='lat'>‚</span> 
     </span>
     <span class='ocr_line' id='line_1_22' title="bbox 260 1937 1085 2018; baseline -0.005 -14"><span class='ocrx_word' id='word_1_137' title='bbox 260 1937 432 2015; x_wconf 80' lang='lat' dir='ltr'>&amp;copioso</span> <span class='ocrx_word' id='word_1_138' title='bbox 453 1939 598 2001; x_wconf 85' lang='lat' dir='ltr'>uariorum</span> <span class='ocrx_word' id='word_1_139' title='bbox 619 1959 757 2018; x_wconf 84' lang='lat' dir='ltr'>corpore,</span> <span class='ocrx_word' id='word_1_140' title='bbox 779 1959 845 2016; x_wconf 83' lang='lat' dir='ltr'>quae</span> <span class='ocrx_word' id='word_1_141' title='bbox 877 1941 974 2003; x_wconf 88' lang='lat' dir='ltr'>omnia</span> <span class='ocrx_word' id='word_1_142' title='bbox 994 1937 1085 2003; x_wconf 86' lang='lat' dir='ltr'>attili-</span> 
     </span>
     <span class='ocr_line' id='line_1_23' title="bbox 254 2015 1085 2098; baseline -0.004 -14"><span class='ocrx_word' id='word_1_143' title='bbox 254 2019 372 2084; x_wconf 76' lang='lat' dir='ltr'>ciosius</span> <span class='ocrx_word' id='word_1_144' title='bbox 391 2015 614 2098; x_wconf 43' lang='lat' dir='ltr'>compadlaspt</span> <span class='ocrx_word' id='word_1_145' title='bbox 634 2037 756 2098; x_wconf 83' lang='lat' dir='ltr'>ornata,</span> <span class='ocrx_word' id='word_1_146' title='bbox 777 2019 875 2084; x_wconf 85' lang='lat' dir='ltr'>multo</span> <span class='ocrx_word' id='word_1_147' title='bbox 894 2035 1030 2098; x_wconf 87' lang='lat' dir='ltr'>sumptu,</span> <span class='ocrx_word' id='word_1_148' title='bbox 1051 2015 1085 2081; x_wconf 73' lang='lat' dir='ltr'>dt</span> 
     </span>
     <span class='ocr_line' id='line_1_24' title="bbox 255 2097 1086 2176; baseline -0.002 -14"><span class='ocrx_word' id='word_1_149' title='bbox 255 2099 359 2162; x_wconf 79' lang='lat' dir='ltr'>labore</span> <span class='ocrx_word' id='word_1_150' title='bbox 380 2097 508 2175; x_wconf 88' lang='lat' dir='ltr'>undique</span> <span class='ocrx_word' id='word_1_151' title='bbox 525 2115 661 2176; x_wconf 86' lang='lat' dir='ltr'>coempta</span> <span class='ocrx_word' id='word_1_152' title='bbox 682 2101 718 2162; x_wconf 88' lang='lat' dir='ltr'>ad</span> <span class='ocrx_word' id='word_1_153' title='bbox 742 2121 794 2163; x_wconf 87' lang='lat' dir='ltr'>nos</span> <span class='ocrx_word' id='word_1_154' title='bbox 815 2103 912 2163; x_wconf 87' lang='lat' dir='ltr'>Romu</span> <span class='ocrx_word' id='word_1_155' title='bbox 938 2121 1027 2175; x_wconf 87' lang='lat' dir='ltr'>usque</span> <span class='ocrx_word' id='word_1_156' title='bbox 1036 2099 1086 2160; x_wconf 87' lang='lat' dir='ltr'>do·</span> 
     </span>
     <span class='ocr_line' id='line_1_25' title="bbox 258 2175 1132 2254; baseline 0.002 -16"><span class='ocrx_word' id='word_1_157' title='bbox 258 2197 301 2244; x_wconf 84' lang='lat' dir='ltr'>no</span> <span class='ocrx_word' id='word_1_158' title='bbox 319 2177 443 2252; x_wconf 89' lang='lat' dir='ltr'>misisti,</span> <span class='ocrx_word' id='word_1_159' title='bbox 465 2194 500 2237; x_wconf 90' lang='lat' dir='ltr'>ut</span> <span class='ocrx_word' id='word_1_160' title='bbox 521 2194 621 2239; x_wconf 88' lang='lat' dir='ltr'>nostra</span> <span class='ocrx_word' id='word_1_161' title='bbox 641 2175 788 2254; x_wconf 77' lang='lat' dir='ltr'>facilius,</span> <span class='ocrx_word' id='word_1_162' title='bbox 821 2178 990 2254; x_wconf 87' lang='lat' dir='ltr'>uberiusque</span> <span class='ocrx_word' id='word_1_163' title='bbox 1020 2176 1087 2240; x_wconf 77' lang='lat' dir='ltr'>illu·</span> <span class='ocrx_word' id='word_1_164' title='bbox 1128 2223 1132 2228; x_wconf 80' lang='lat'>·</span> 
     </span>
     <span class='ocr_line' id='line_1_26' title="bbox 254 2254 1156 2336; baseline 0.001 -16"><span class='ocrx_word' id='word_1_165' title='bbox 254 2269 444 2320; x_wconf 76' lang='lat' dir='ltr'>atterentur.</span> <span class='ocrx_word' id='word_1_166' title='bbox 466 2259 580 2315; x_wconf 86' lang='lat' dir='ltr'>Munus</span> <span class='ocrx_word' id='word_1_167' title='bbox 601 2256 657 2316; x_wconf 85' lang='lat' dir='ltr'>hoc</span> <span class='ocrx_word' id='word_1_168' title='bbox 713 2254 747 2318; x_wconf 84' lang='lat' dir='ltr'>dt</span> <span class='ocrx_word' id='word_1_169' title='bbox 774 2255 911 2318; x_wconf 89' lang='lat' dir='ltr'>librorum</span> <span class='ocrx_word' id='word_1_170' title='bbox 934 2276 1087 2336; x_wconf 86' lang='lat' dir='ltr'>numero,</span> <span class='ocrx_word' id='word_1_171' title='bbox 1150 2284 1156 2292; x_wconf 58' lang='lat'>¹</span> 
     </span>
     <span class='ocr_line' id='line_1_27' title="bbox 260 2305 1086 2413; baseline 0.01 -21"><span class='ocrx_word' id='word_1_172' title='bbox 260 2333 296 2399; x_wconf 76' lang='grc' dir='ltr'>ἀ</span> <span class='ocrx_word' id='word_1_173' title='bbox 321 2351 453 2413; x_wconf 73' lang='lat' dir='ltr'>typorum</span> <span class='ocrx_word' id='word_1_174' title='bbox 475 2332 637 2410; x_wconf 86' lang='lat' dir='ltr'>varietate,</span> <span class='ocrx_word' id='word_1_175' title='bbox 657 2305 692 2399; x_wconf 77' lang='lat' dir='ltr'>dt</span> <span class='ocrx_word' id='word_1_176' title='bbox 710 2331 915 2410; x_wconf 85' lang='lat' dir='ltr'>exemplarium</span> <span class='ocrx_word' id='word_1_177' title='bbox 938 2339 1086 2412; x_wconf 83' lang='lat' dir='ltr'>paucitate</span> 
     </span>
     <span class='ocr_line' id='line_1_28' title="bbox 250 2411 1086 2491; baseline -0.006 -11"><span class='ocrx_word' id='word_1_178' title='bbox 250 2413 335 2480; x_wconf 71' lang='lat' dir='ltr'>&#39;adeo</span> <span class='ocrx_word' id='word_1_179' title='bbox 362 2413 521 2491; x_wconf 86' lang='lat' dir='ltr'>pretiosum</span> <span class='ocrx_word' id='word_1_180' title='bbox 550 2411 699 2478; x_wconf 81' lang='lat' dir='ltr'>cumulare</span> <span class='ocrx_word' id='word_1_181' title='bbox 718 2418 826 2488; x_wconf 69' lang='lat' dir='ltr'>{recens</span> <span class='ocrx_word' id='word_1_182' title='bbox 848 2411 966 2477; x_wconf 83' lang='lat' dir='ltr'>voluisti</span> <span class='ocrx_word' id='word_1_183' title='bbox 996 2433 1086 2476; x_wconf 86' lang='lat' dir='ltr'>aureo</span> 
     </span>
     <span class='ocr_line' id='line_1_29' title="bbox 258 2491 1085 2582; baseline -0.001 -26"><span class='ocrx_word' id='word_1_184' title='bbox 258 2493 383 2562; x_wconf 74' lang='lat' dir='ltr'>aliorum</span> <span class='ocrx_word' id='word_1_185' title='bbox 402 2512 521 2572; x_wconf 87' lang='lat' dir='ltr'>operum</span> <span class='ocrx_word' id='word_1_186' title='bbox 542 2491 654 2558; x_wconf 80' lang='lat' dir='ltr'>deletu</span> <span class='ocrx_word' id='word_1_187' title='bbox 665 2496 729 2565; x_wconf 89' lang='lat' dir='ltr'>Viri</span> <span class='ocrx_word' id='word_1_188' title='bbox 748 2492 945 2582; x_wconf 80' lang='lat' dir='ltr'>expertissimi</span> <span class='ocrx_word' id='word_1_189' title='bbox 965 2495 1085 2573; x_wconf 85' lang='lat' dir='ltr'>pretio,</span> 
     </span>
     <span class='ocr_line' id='line_1_30' title="bbox 954 2595 1046 2650; baseline 0 -13"><span class='ocrx_word' id='word_1_190' title='bbox 954 2595 1046 2650; x_wconf 84' lang='lat' dir='ltr'>quan·</span> 
     </span>
    </p>
   </div>
   <div class='ocr_carea' id='block_1_4' title="bbox 257 2713 1086 2748">
    <p class='ocr_par' dir='ltr' id='par_1_4' title="bbox 257 2713 1086 2748">
     <span class='ocr_line' id='line_1_31' title="bbox 257 2713 1086 2748; baseline -0.002 -4"><span class='ocrx_word' id='word_1_191' title='bbox 257 2713 1086 2748; x_wconf 50' lang='lat' dir='ltr'>mn-b—-a—-a—n-——fl—-a</span> 
     </span>
    </p>
   </div>
   <div class='ocr_carea' id='block_1_5' title="bbox 256 2809 1135 3294">
    <p class='ocr_par' dir='ltr' id='par_1_5' title="bbox 256 2809 1135 3294">
     <span class='ocr_line' id='line_1_32' title="bbox 301 2809 1087 2904; baseline -0.005 -24"><span class='ocrx_word' id='word_1_192' title='bbox 301 2813 365 2895; x_wconf 84' lang='grc' dir='ltr'>(ι)</span> <span class='ocrx_word' id='word_1_193' title='bbox 384 2821 423 2878; x_wconf 82' lang='lat' dir='ltr'>Ut</span> <span class='ocrx_word' id='word_1_194' title='bbox 442 2829 618 2892; x_wconf 71' lang='lat' dir='ltr'>preteream</span> <span class='ocrx_word' id='word_1_195' title='bbox 638 2821 792 2884; x_wconf 82' lang='lat' dir='ltr'>innumera</span> <span class='ocrx_word' id='word_1_196' title='bbox 810 2815 962 2904; x_wconf 79' lang='lat' dir='ltr'>largitatis</span> <span class='ocrx_word' id='word_1_197' title='bbox 986 2809 1087 2878; x_wconf 81' lang='lat' dir='ltr'>monu-</span> 
     </span>
     <span class='ocr_line' id='line_1_33' title="bbox 381 2893 1089 3058; baseline -0.002 -16.296"><span class='ocrx_word' id='word_1_198' title='bbox 381 2893 485 3058; x_wconf 76' lang='lat' dir='ltr'>r</span> <span class='ocrx_word' id='word_1_199' title='bbox 505 2893 993 3045; x_wconf 48' lang='lat' dir='ltr'>retrusurus</span> <span class='ocrx_word' id='word_1_200' title='bbox 1010 2901 1089 3040; x_wconf 76' lang='lat' dir='ltr'>rr</span> 
     </span>
     <span class='ocr_line' id='line_1_34' title="bbox 256 2995 1135 3152; baseline 0 -32"><span class='ocrx_word' id='word_1_201' title='bbox 256 2995 634 3152; x_wconf 56' lang='lat' dir='ltr'>fabffauasgllllniriru</span> <span class='ocrx_word' id='word_1_202' title='bbox 649 2997 819 3123; x_wconf 63' lang='lat' dir='ltr'>diiudicatus</span> <span class='ocrx_word' id='word_1_203' title='bbox 837 3057 965 3124; x_wconf 78' lang='lat' dir='ltr'>colorari</span> <span class='ocrx_word' id='word_1_204' title='bbox 974 3022 1088 3136; x_wconf 48' lang='lat' dir='ltr'>‚bin</span> <span class='ocrx_word' id='word_1_205' title='bbox 1133 3106 1135 3111; x_wconf 89' lang='lat'>.</span> 
     </span>
     <span class='ocr_line' id='line_1_35' title="bbox 256 3134 1090 3236; baseline 0 -39"><span class='ocrx_word' id='word_1_206' title='bbox 256 3152 406 3231; x_wconf 63' lang='lat' dir='ltr'>prrmarrq</span> <span class='ocrx_word' id='word_1_207' title='bbox 425 3137 577 3234; x_wconf 58' lang='lat' dir='ltr'>Ferraria</span> <span class='ocrx_word' id='word_1_208' title='bbox 597 3139 719 3220; x_wconf 78' lang='lat' dir='ltr'>Templo</span> <span class='ocrx_word' id='word_1_209' title='bbox 731 3137 952 3236; x_wconf 32' lang='lat' dir='ltr'>,decentissimis</span> <span class='ocrx_word' id='word_1_210' title='bbox 970 3134 1090 3201; x_wconf 81' lang='lat' dir='ltr'>sedibus</span> 
     </span>
     <span class='ocr_line' id='line_1_36' title="bbox 260 3211 1091 3294; baseline 0 -15"><span class='ocrx_word' id='word_1_211' title='bbox 260 3211 400 3279; x_wconf 72' lang='lat' dir='ltr'>collocare</span> <span class='ocrx_word' id='word_1_212' title='bbox 420 3231 542 3294; x_wconf 81' lang='lat' dir='ltr'>petuma</span> <span class='ocrx_word' id='word_1_213' title='bbox 559 3237 616 3283; x_wconf 85' lang='lat' dir='ltr'>sua</span> <span class='ocrx_word' id='word_1_214' title='bbox 634 3235 769 3286; x_wconf 76' lang='lat' dir='ltr'>curantr.</span> <span class='ocrx_word' id='word_1_215' title='bbox 788 3225 911 3284; x_wconf 73' lang='lat' dir='ltr'>dottam</span> <span class='ocrx_word' id='word_1_216' title='bbox 936 3211 1091 3280; x_wconf 66' lang='lat' dir='ltr'>ademari</span> 
     </span>
    </p>
   </div>
   <div class='ocr_carea' id='block_1_6' title="bbox 259 3279 1088 3632">
    <p class='ocr_par' dir='ltr' id='par_1_6' title="bbox 259 3279 1088 3632">
     <span class='ocr_line' id='line_1_37' title="bbox 260 3279 1088 3390; baseline 0.012 -32"><span class='ocrx_word' id='word_1_217' title='bbox 260 3297 303 3390; x_wconf 39' lang='grc' dir='ltr'>ὃ..</span> <span class='ocrx_word' id='word_1_218' title='bbox 314 3279 507 3390; x_wconf 54' lang='lat' dir='ltr'>dranciscum</span> <span class='ocrx_word' id='word_1_219' title='bbox 525 3294 563 3362; x_wconf 79' lang='lat' dir='ltr'>ab</span> <span class='ocrx_word' id='word_1_220' title='bbox 582 3320 658 3366; x_wconf 83' lang='lat' dir='ltr'>anno</span> <span class='ocrx_word' id='word_1_221' title='bbox 677 3319 769 3384; x_wconf 83' lang='lat' dir='ltr'>usque</span> <span class='ocrx_word' id='word_1_222' title='bbox 791 3321 867 3372; x_wconf 77' lang='lat'><em>14³0</em></span> <span class='ocrx_word' id='word_1_223' title='bbox 882 3296 1088 3363; x_wconf 72' lang='lat' dir='ltr'>Nobilissimae</span> 
     </span>
     <span class='ocr_line' id='line_1_38' title="bbox 259 3371 1088 3458; baseline 0.004 -22"><span class='ocrx_word' id='word_1_224' title='bbox 259 3372 510 3448; x_wconf 76' lang='lat' dir='ltr'>Rrrnrnaldiorum</span> <span class='ocrx_word' id='word_1_225' title='bbox 530 3380 668 3446; x_wconf 69' lang='lat' dir='ltr'>Familia</span> <span class='ocrx_word' id='word_1_226' title='bbox 687 3396 835 3446; x_wconf 83' lang='lat' dir='ltr'>assertam</span> <span class='ocrx_word' id='word_1_227' title='bbox 853 3393 999 3443; x_wconf 80' lang='lat' dir='ltr'>onustare</span> <span class='ocrx_word' id='word_1_228' title='bbox 1012 3371 1088 3458; x_wconf 78' lang='lat' dir='ltr'>frti·</span> 
     </span>
     <span class='ocr_line' id='line_1_39' title="bbox 261 3451 1087 3547; baseline 0.016 -33"><span class='ocrx_word' id='word_1_229' title='bbox 261 3468 392 3520; x_wconf 80' lang='lat' dir='ltr'>stentem</span> <span class='ocrx_word' id='word_1_230' title='bbox 418 3451 628 3544; x_wconf 76' lang='lat' dir='ltr'>reficiendam,</span> <span class='ocrx_word' id='word_1_231' title='bbox 656 3463 792 3547; x_wconf 80' lang='lat' dir='ltr'>omnique</span> <span class='ocrx_word' id='word_1_232' title='bbox 816 3458 896 3536; x_wconf 74' lang='lat' dir='ltr'>cultu</span> <span class='ocrx_word' id='word_1_233' title='bbox 922 3455 1087 3530; x_wconf 74' lang='lat' dir='ltr'>ornandam</span> 
     </span>
     <span class='ocr_line' id='line_1_40' title="bbox 261 3531 962 3632; baseline 0.021 -30"><span class='ocrx_word' id='word_1_234' title='bbox 261 3531 358 3606; x_wconf 62' lang='lat' dir='ltr'>utimr</span> <span class='ocrx_word' id='word_1_235' title='bbox 376 3535 512 3632; x_wconf 68' lang='lat' dir='ltr'>impensa</span> <span class='ocrx_word' id='word_1_236' title='bbox 527 3559 600 3614; x_wconf 83' lang='lat' dir='ltr'>sua.</span> <span class='ocrx_word' id='word_1_237' title='bbox 650 3583 653 3588; x_wconf 67' lang='lat'><em>,</em></span> <span class='ocrx_word' id='word_1_238' title='bbox 959 3573 962 3580; x_wconf 60' lang='grc'><em>’</em></span> 
     </span>
    </p>
   </div>
   <div class='ocr_carea' id='block_1_7' title="bbox 483 3715 501 3744">
    <p class='ocr_par' dir='ltr' id='par_1_7' title="bbox 483 3715 501 3744">
     <span class='ocr_line' id='line_1_41' title="bbox 483 3715 501 3744; baseline 0 0"><span class='ocrx_word' id='word_1_239' title='bbox 483 3715 501 3744; x_wconf 70' lang='grc' dir='ltr'>Ι</span> 
     </span>
    </p>
   </div>
   <div class='ocr_carea' id='block_1_8' title="bbox 0 0 1192 4298">
    <p class='ocr_par' dir='ltr' id='par_1_8' title="bbox 0 0 1192 4298">
     <span class='ocr_line' id='line_1_42' title="bbox 0 0 1192 4298; baseline 0 0"><span class='ocrx_word' id='word_1_240' title='bbox 0 0 1192 4298; x_wconf 95' lang='lat' dir='ltr'> </span> 
     </span>
    </p>
   </div>
  </div>
 </body>
</html>
